2054 3470
644 211 784 240 mssER
808 213 837 240 1.
911 209 1018 240 CAP.
1045 211 1158 248 xmr,
1186 211 1315 240 Eun.
1732 200 1789 244 53

101 320 245 380 grini:
282 318 329 364 in
369 318 564 381 ipsoque
601 317 863 381 peregrino,
893 316 1182 380 privatimne,
1209 333 1268 363 an
1304 317 1491 380 publico
1518 319 1704 365 venerit.

105 391 182 437 Ad
206 408 452 447 summam,
479 408 536 439 ne
560 408 698 456 agam
724 392 784 438 de
808 392 1017 456 singulis,
1040 408 1335 438 communem
1360 392 1501 438 totius
1526 393 1706 456 generis
1736 398 1791 440 13

102 465 342 513 hominum
368 467 735 513 conciliationem
760 472 806 511 et
833 467 1222 513 consociationem
1259 467 1426 521 colere,
1454 467 1587 522 tueri,
1614 484 1707 513 ser-
1758 476 1762 481 ’

102 556 211 587 vare
236 541 478 588 debemus.

165 690 318 737 XLII.
356 691 386 737 J
390 707 464 736 am
485 691 544 737 de
564 691 764 737 artificiis
785 697 831 737 et
851 690 1125 753 quaestibUS,
1148 691 1226 753 qui
1250 691 1463 738 liberales
1488 693 1706 748 habendi,

100 765 178 827 qui
202 765 377 811 sordidi
401 765 506 819 sint,
532 766 636 812 haec
661 766 757 812 fere
783 765 1064 828 accepimus.
1137 765 1352 811 Primum
1383 766 1708 829 improbantur
1736 774 1760 814 2

98 839 127 885 ii
150 846 374 902 quaestus,
405 841 485 904 qui
524 840 570 887 in
608 841 715 887 odia
752 840 991 887 hominum
1031 840 1287 896 incurrunt,
1318 846 1374 887 ut
1414 841 1706 905 portitorum,

100 921 151 961 ut
174 915 506 963 feneratorum.
578 915 838 963 Illiberales
878 921 1037 961 autem
1069 921 1117 961 et
1149 915 1324 962 sordidi
1348 922 1563 979 quaestus
1587 933 1706 964 mer·
1735 923 1760 963 3

99 990 387 1036 ccnariorum
412 991 632 1045 omnium,
653 1007 853 1053 quorum
878 1006 1052 1053 operae,
1072 1006 1165 1036 non
1184 1006 1384 1053 quorum
1401 997 1526 1038 artes
1546 1008 1706 1038 emun-

99 1070 189 1112 tur.
259 1065 346 1111 Est
370 1066 491 1111 enim
514 1066 560 1111 in
582 1066 671 1112 illis
696 1066 799 1128 ipsa
822 1081 1002 1111 merces
1027 1070 1433 1112 auctoramentum
1457 1067 1705 1114 servitutis.

97 1139 285 1186 Sordidi
321 1140 461 1186 etiam
496 1140 710 1203 putandi,
738 1140 816 1202 qui
850 1146 1120 1186 mercantur
1143 1156 1170 1185 a
1201 1141 1552 1197 mercatoribus,
1580 1142 1707 1205 quod
1733 1147 1760 1188 4

96 1214 254 1261 statim
278 1215 497 1262 vendant.
569 1215 701 1262 Nihil
737 1215 860 1260 enim
896 1215 1154 1278 proficiant,
1182 1214 1267 1261 nisi
1298 1216 1556 1263 admodum
1578 1234 1705 1264 men-

98 1289 273 1336 tiantur
293 1305 302 1344 ;
338 1305 426 1336 nec
446 1305 554 1337 vero
576 1295 648 1336 est
667 1289 918 1352 quicquam
937 1290 1119 1352 turpius
1138 1290 1359 1337 vanitate.
1410 1291 1706 1355 Opificesque
1733 1301 1759 1341 5

96 1381 255 1410 omnes
281 1364 326 1410 in
352 1364 540 1411 sordida
565 1370 664 1411 arte
690 1371 949 1411 versantur.
1022 1365 1124 1411 Nec
1150 1365 1273 1411 enim
1298 1365 1550 1429 quicquam
1575 1367 1705 1431 inge-

96 1455 241 1485 nuum
276 1432 435 1502 potest
470 1440 645 1487 habere
679 1439 874 1487 officina.
945 1440 1231 1503 Minimeque
1258 1448 1381 1487 artes
1407 1457 1476 1487 cae
1501 1444 1704 1505 proban·
1731 1448 1758 1490 ὅ

96 1514 183 1568 das,
211 1531 316 1576 quae
343 1514 566 1561 ministrae
593 1521 703 1562 sunt
728 1515 1056 1578 voluptatum:

434 1626 617 1681 Cetariz',
647 1627 776 1681 lanii,
803 1628 947 1687 coqui,
961 1628 1180 1688 scm-tores,
1200 1629 1460 1688 piscatores,

98 1745 147 1783 ut
170 1737 235 1784 ait
267 1738 526 1784 Terentius.
596 1737 743 1784 Adde
781 1738 888 1792 huc,
917 1738 954 1784 si
990 1739 1160 1802 placet,
1188 1740 1537 1803 unguentariOS,
1565 1742 1703 1788 salta-

95 1818 232 1866 tores,
259 1818 506 1875 totumque
530 1812 698 1858 ludum
722 1813 953 1860 tal-arium.
1026 1814 1208 1869 Quibus
1233 1821 1394 1862 autem
1417 1816 1597 1863 artibus
1621 1823 1705 1864 aut
1732 1818 1756 1864 7

95 1887 345 1949 prudentia
376 1888 527 1950 major
560 1888 693 1942 inest,
731 1893 814 1934 aut
848 1904 940 1934 non
975 1889 1220 1936 mediocris
1255 1890 1429 1937 utilitas
1464 1892 1702 1954 quaeritur,

97 1968 147 2007 ut
171 1962 414 2017 medicina,
441 1968 495 2008 ut
530 1963 859 2018 architectura,
886 1969 940 2009 ut
965 1963 1177 2010 doctrina
1201 1981 1358 2011 rerum
1382 1965 1701 2022 honestarum,

97 2036 169 2082 hae
209 2043 317 2082 sunt
353 2037 421 2091 iis,
460 2053 660 2099 quorum
697 2037 847 2084 ordini
888 2038 1184 2094 conveniunt,
1222 2039 1451 2087 honestae.
1522 2040 1702 2088 Merca-
1731 2049 1757 2089 8

96 2117 201 2157 tura
225 2117 398 2167 autem,
426 2111 463 2157 si
488 2111 638 2158 tenuis
663 2118 749 2167 est,
771 2113 960 2159 sordida
985 2114 1197 2176 putanda
1222 2120 1323 2160 est:
1362 2115 1431 2161 sin
1456 2131 1631 2180 magna
1655 2123 1703 2163 et

94 2186 295 2249 copiosa,
332 2187 481 2233 multa
520 2187 728 2249 undique
767 2194 1026 2250 apportans
1067 2189 1322 2252 multisque
1363 2190 1461 2236 sine
1496 2191 1702 2238 vanitate

93 2261 384 2324 impertiens,
404 2277 498 2308 non
522 2267 593 2308 est
617 2262 878 2309 admodum
902 2263 1227 2326 vituperanda.
1299 2264 1462 2327 Atque
1488 2265 1640 2322 etiam,
1667 2267 1704 2313 si
1731 2273 1755 2314 9

94 2336 262 2382 satiata
295 2343 497 2399 quaestu,
524 2337 600 2383 vel
635 2343 856 2383 contenta
891 2338 1063 2400 potius,
1090 2344 1144 2385 ut
1168 2355 1296 2402 saepe
1321 2355 1381 2385 ex
1405 2340 1500 2386 alto
1524 2341 1569 2386 in
1594 2358 1699 2404 por-

96 2417 209 2466 tum,
236 2427 294 2457 ex
327 2411 431 2474 ipso
471 2419 614 2474 portu
648 2428 698 2459 se
732 2412 779 2458 in
813 2429 952 2477 agros
988 2414 1401 2478 possessionesque
1438 2416 1700 2470 contulerit,

93 2485 279 2532 videtur
309 2486 415 2550 jure
447 2487 627 2550 optimo
660 2504 799 2551 posse
823 2488 1019 2534 laudari.
1094 2488 1319 2535 Omnium
1344 2495 1505 2536 autem
1528 2506 1700 2545 rerum,
1732 2497 1786 2539 10

93 2576 151 2606 cx
185 2560 354 2623 quibus
389 2561 564 2625 aliquid
599 2563 868 2626 acquiritur,
905 2563 1020 2609 nihil
1056 2569 1128 2610 est
1161 2564 1265 2627 agri
1299 2565 1485 2611 cultura
1519 2566 1701 2620 melius,

93 2635 205 2681 nihil
245 2635 441 2691 dulcius,
484 2637 596 2683 nihil
637 2638 838 2692 homine,
876 2638 990 2685 nihil
1030 2638 1177 2685 libero
1207 2633 1413 2703 dignius.
1484 2640 1558 2686 De
1592 2656 1699 2703 qua,

93 2709 313 2772 quoniam
345 2709 391 2756 in
427 2711 607 2758 Catone
641 2713 819 2776 majore
855 2713 968 2759 satis
1003 2714 1153 2760 multa
1178 2714 1394 2769 diximus,
1422 2713 1550 2762 illinc
1572 2731 1700 2761 assu-

95 2800 207 2839 mes,
233 2800 342 2847 quae
366 2784 427 2830 ad
450 2785 575 2832 hunc
599 2787 755 2833 locum
780 2788 1095 2851 pertinebunt.

159 2934 339 2981 XLIII.
378 2933 474 2980 Sed
498 2935 558 2981 ab
583 2935 635 2981 iis
660 2937 886 2998 partibuS,
913 2954 1020 3000 quae
1045 2944 1154 2984 sunt
1178 2938 1449 2993 honestatis,
1475 2954 1616 3001 quem
1639 2938 1700 2985 ad

98 3008 289 3055 modum
314 3009 464 3055 officia
489 3009 787 3061 ducerentur,
815 3012 928 3057 satis
965 3013 1232 3075 expositum
1256 3012 1454 3058 videtur.
1525 3013 1701 3059 Eorum
1728 3019 1754 3060 2
