2054 3470
647 224 653 230 ·
721 228 855 256 Lmen
884 228 913 257 1.
987 228 1095 258 CAP.
1125 230 1250 260 xciv.
1736 224 1792 264 55

168 343 340 390 XLIV.
378 344 541 406 Atque
575 344 651 398 illi,
679 360 880 406 quorum
918 344 1073 390 studia
1097 345 1286 407 vitaque
1312 347 1460 392 omnis
1484 347 1530 392 in
1555 363 1710 393 rerum

103 418 362 481 cognitione
389 424 573 464 versata
598 424 682 472 est,
710 426 869 465 tamen
893 420 954 465 ab
980 420 1209 483 augendis
1235 421 1475 468 hominum
1501 422 1708 468 utilit-ati-

105 492 186 538 bus
207 501 254 539 et
278 494 534 539 commodis
558 509 651 539 non
674 501 980 540 recesserunt.
1042 495 1167 541 Nam
1193 501 1240 553 et
1264 496 1566 542 erudiverunt
1589 497 1708 543 mul·
1737 504 1762 544 2

102 579 185 621 tos,
207 584 301 630 quo
325 569 539 615 meliores
559 568 682 615 cives
705 569 1006 631 utilioresque
1025 570 1166 616 rebus
1185 569 1280 616 suis
1306 571 1504 634 publicis
1524 578 1679 618 essent
1697 588 1705 618 :

100 649 150 688 ut
175 643 452 690 Thebanum
477 643 854 706 Epaminondam
880 644 1016 707 Lysis
1034 645 1384 708 Pythagoreus,
1406 646 1709 709 Syracusium

102 718 296 764 Dionem
336 718 474 765 Plato
513 719 743 781 multique
784 719 984 766 multos:
1034 736 1213 783 nosque
1248 720 1350 783 ipsi,
1389 721 1611 784 quicquid
1647 723 1708 768 ad

98 809 193 839 rem
221 794 459 856 publicam
484 794 742 848 attulimus,
770 794 808 839 si
832 794 974 841 modo
999 795 1175 858 aliquid
1208 795 1466 851 attulimUS,
1494 813 1521 842 a
1547 797 1707 844 docto-

99 869 222 915 rib'us
253 876 395 932 atque
421 869 633 916 doctrina
668 869 883 916 instructi
907 870 968 916 ad
1001 886 1105 916 eam
1141 876 1188 916 et
1224 871 1374 917 ornati
1408 872 1706 921 accessimus.

98 944 263 1007 Neque
302 945 454 991 solum
490 945 582 991 vivi
616 952 758 1007 atque
798 952 1056 1009 praesentes
1091 946 1326 993 studiosos
1363 946 1575 994 discendi
1601 964 1705 995 eru-
1733 955 1760 995 3

96 1019 228 1065 diunt
252 1026 392 1082 atque
417 1020 601 1075 docent,
628 1022 711 1068 sed
747 1023 836 1069 hoc
864 1022 990 1068 idem
1015 1021 1157 1067 etiam
1184 1030 1293 1084 post
1318 1028 1518 1068 mortem
1540 1040 1705 1070 monu-

94 1094 260 1142 mentis
286 1096 546 1141 litterarum
571 1104 910 1159 assequuntur:
948 1113 1032 1143 nec
1053 1097 1174 1143 enim
1199 1098 1330 1144 locus
1354 1097 1478 1144 ullus
1512 1106 1704 1161 praeter·
1732 1104 1760 1146 4

94 1170 261 1216 missus
300 1177 372 1216 est
406 1171 466 1216 ab
502 1170 569 1224 iis,
598 1171 678 1233 qui
711 1172 772 1218 ad
807 1173 954 1235 leges,
984 1172 1064 1234 qui
1088 1172 1147 1217 ad
1181 1189 1350 1227 mores,
1378 1173 1460 1236 qui
1483 1174 1544 1220 ad
1570 1174 1704 1221 disci-

93 1246 267 1309 plinam
303 1245 369 1292 rei
404 1245 608 1307 publicae
644 1247 926 1308 pertineret:
965 1254 1020 1293 ut
1055 1247 1203 1293 otium
1229 1264 1367 1294 suum
1392 1248 1453 1294 ad
1488 1256 1704 1296 nostrum

92 1322 332 1385 negotium
367 1321 619 1367 contulisse
644 1322 905 1369 videantur.
978 1323 1054 1368 Ita
1080 1322 1151 1368 illi·
1167 1322 1255 1385 ipsi
1281 1323 1506 1369 doctrinae
1539 1325 1703 1371 studiis
1731 1334 1758 1374 5

92 1404 138 1442 et
163 1397 401 1459 sapientiae
426 1396 585 1451 dediti,
613 1396 674 1442 ad
699 1397 943 1444 hominum
981 1398 1232 1443 utilitatem
1270 1414 1405 1444 suam
1440 1399 1702 1463 intelligen-

91 1472 202 1517 tiam
224 1472 617 1535 prudentiamque
638 1473 932 1535 potissimum
950 1473 1209 1520 conferunt.
1255 1473 1328 1520 Ob
1347 1490 1545 1537 eamque
1562 1475 1702 1522 etiam
1730 1482 1757 1523 6

92 1563 281 1594 causam
318 1547 472 1610 eloqui
509 1547 709 1610 copiose,
748 1548 891 1594 modo
927 1548 1198 1611 prudenter,
1237 1549 1404 1595 melius
1440 1557 1524 1604 est,
1562 1567 1702 1613 quam

93 1623 163 1669 vel
189 1622 453 1669 acutissime
479 1622 576 1669 sine
602 1623 869 1685 eloquentia
903 1624 1112 1687 cogitare
1133 1640 1143 1678 ;
1181 1624 1309 1686 quod
1337 1625 1558 1688 cogitatio
1584 1626 1629 1672 in
1654 1643 1703 1673 se

90 1698 190 1761 ipsa
227 1699 434 1753 vertitur,
470 1698 737 1761 eloquentia
775 1699 1104 1762 complectitur
1140 1715 1233 1753 eos,
1261 1700 1542 1762 quibuscum
1578 1718 1701 1748 com-

89 1773 315 1820 munitate
349 1773 501 1836 juncti
537 1790 714 1821 sumus.
785 1774 952 1836 Atque
987 1780 1040 1820 ut
1073 1774 1235 1836 apium
1261 1775 1475 1821 examina
1499 1792 1592 1822 non
1617 1777 1699 1823 fin·
1729 1778 1754 1824 7

89 1848 351 1913 gendorum
375 1850 590 1895 favorum
615 1865 756 1896 causa
782 1856 1148 1913 congregantur,
1176 1849 1274 1904 sed,
1303 1867 1410 1896 cum
1444 1867 1700 1915 congrega-

91 1924 196 1971 bilia
220 1930 387 1970 natura
412 1925 516 1978 sint,
544 1925 729 1987 fingunt
754 1924 914 1970 favos:
956 1925 1020 1970 sic
1046 1924 1273 1980 homines,
1300 1941 1354 1971 ac
1384 1926 1534 1973 multo
1560 1927 1700 1973 etiam

89 1999 252 2063 magis,
279 2006 448 2045 natura
485 1999 775 2062 congregati,
803 1999 1031 2046 adhibent
1056 1999 1229 2062 agendi
1254 2000 1585 2064 cogitandique
1610 2002 1699 2048 sol-

88 2075 285 2122 lertiam.
357 2075 527 2137 Itaque
564 2074 650 2120 nisi
685 2090 739 2120 ea
772 2074 934 2129 virtus,
970 2091 1078 2137 quae
1117 2081 1300 2121 constat
1338 2092 1398 2122 ex
1434 2076 1699 2129 hominibus
1727 2084 1754 2124 8

88 2150 287 2205 tuendis,
314 2149 362 2196 id
401 2156 473 2196 est
512 2166 569 2196 ex
604 2149 827 2196 societate
863 2150 1046 2213 generis
1079 2150 1285 2204 humani,
1313 2151 1517 2215 attingat
1543 2151 1698 2215 cogni-

88 2225 261 2271 tionem
285 2241 457 2279 rerum,
485 2225 694 2289 solivaga
720 2225 922 2289 cognitio
949 2232 995 2271 et
1023 2225 1188 2289 jejuna
1211 2226 1457 2282 videatur;
1493 2227 1699 2290 itemque
1727 2234 1752 2275 9

88 2300 362 2364 magnitudo
397 2300 550 2355 animi,
577 2307 759 2346 remota
795 2301 1130 2348 communitate
1164 2302 1584 2365 conjunctioneque
1611 2304 1696 2349 hu·

88 2391 238 2430 mana,
271 2376 432 2422 feritas
469 2375 528 2422 sit
563 2376 783 2438 quoedam
818 2382 865 2422 et
905 2376 1182 2424 immanitas.
1254 2377 1329 2424 Ita
1363 2378 1430 2431 fit,
1465 2384 1519 2424 ut
1544 2378 1695 2425 vincat
1727 2385 1782 2426 10

88 2451 361 2515 cognitionis
387 2451 596 2497 studium
623 2451 904 2498 consociatio
937 2452 1179 2498 hominum
1204 2460 1346 2516 atquc
1372 2454 1695 2501 communitas.

87 2526 132 2572 N
136 2543 188 2573 ec
213 2543 377 2573 verum
406 2532 491 2580 est,
520 2526 648 2589 quod
676 2526 846 2573 dicitur
880 2543 907 2572 a
933 2527 1230 2589 quibusdam,
1268 2535 1464 2591 propter
1498 2529 1695 2576 necessi-

88 2607 232 2648 tatem
257 2602 378 2656 vitae,
406 2602 533 2664 quod
570 2617 639 2656 ea,
667 2617 775 2664 quae
810 2608 981 2647 natura
1017 2602 1321 2658 desideraret,
1351 2603 1571 2666 consequi
1599 2604 1696 2650 sine

86 2677 184 2722 aliis
224 2683 366 2738 atque
405 2676 587 2723 efficere
623 2693 715 2723 non
751 2693 1012 2740 possemus,
1039 2677 1214 2724 idcirco
1249 2678 1413 2724 initam
1449 2694 1551 2725 esse
1588 2695 1696 2725 cum

86 2751 352 2797 hominibus
378 2751 762 2798 communitatem
789 2757 836 2798 et
861 2752 1160 2807 societatem;
1197 2753 1339 2816 quod,
1367 2753 1406 2800 si
1437 2753 1591 2800 omnia
1614 2770 1694 2799 no·

88 2826 169 2881 bis,
197 2843 304 2889 quae
338 2826 399 2872 ad
423 2826 601 2872 victum
638 2827 914 2889 cultumque
950 2827 1199 2890 pertinent,
1237 2828 1371 2891 quasi
1407 2828 1591 2892 virgula
1629 2828 1695 2874 di-

91 2901 203 2958 vina,
231 2909 284 2948 ut
308 2902 451 2955 aiunt,
478 2901 913 2963 suppeditarentur,
940 2908 1044 2949 tum
1069 2903 1249 2965 optimo
1274 2903 1469 2966 quisque
1493 2903 1693 2966 ingenio,

75 2977 282 3040 *negotiis
319 2976 534 3023 omnibus
570 2975 766 3031 omissis,
794 2982 948 3023 totum
974 2993 1024 3023 se
1049 2977 1096 3023 in
1121 2978 1387 3041 cognitione
1420 2983 1468 3023 et
1502 2977 1695 3024 scientia

85 3048 349 3099 collocaret.
408 3051 518 3098 Non
542 3056 613 3096 est
637 3050 715 3096 ita..
775 3051 899 3097 Nam
925 3058 972 3097 et
997 3052 1294 3098 solitudinem
1320 3052 1519 3115 fugeret,
1548 3057 1594 3098 et
1619 3068 1692 3098 so-
1722 3057 1774 3099 11
