2054 3470
1206 128 1217 150 0

260 225 317 269 79
960 239 1017 266 mc
1046 238 1252 268 ormons

344 353 415 392 est
434 346 569 400 enim,
587 362 727 408 quam
744 345 1055 407 eloquentiam
1072 344 1287 409 dicimus)
1309 362 1318 400 ;
1345 345 1427 392 sed
1447 353 1600 392 tamen
1618 346 1798 393 difficile
1815 346 1937 392 dictu

344 427 428 475 est,
455 426 629 483 quanto
655 436 795 483 opere
821 420 1032 466 conciliet
1056 420 1234 466 animos
1268 421 1461 467 comitas
1487 421 1824 483 affabilitasque
1849 436 1940 466 ser-

294 502 318 543 2
346 496 506 542 moniS.
560 495 736 541 Extant
761 494 988 557 epistolae,
1016 500 1063 541 et
1086 495 1295 557 Philippi
1319 495 1379 540 ad
1405 495 1743 550 Alexandrum,
1771 501 1818 541 et
1841 496 1939 540 An-

344 570 501 633 tipatri
514 569 573 615 ad
596 569 928 623 Cassandrum,
947 575 994 615 et
1009 569 1236 632 Antigoni
1254 570 1315 615 ad
1334 570 1607 632 Philippum
1628 570 1785 624 filium,
1804 570 1940 616 trium

345 644 827 708 prudentissimorum,
859 642 942 707 (sic
971 644 1093 689 enim
1121 644 1424 706 accepimus,)
1451 645 1622 706 quibus
1653 644 1940 707 praecipiunt‚

345 726 398 766 ut
438 719 643 766 oratione
679 719 884 781 benigna
923 718 1233 764 multitudinis
1268 719 1445 764 animos
1481 719 1542 764 ad
1585 719 1941 766 benivolentiam

291 803 316 839 3
345 795 560 849 alliciant,
581 793 842 855 militesque
869 793 1039 839 blande
1059 794 1340 855 appellando
1361 794 1595 840 deliniant.
1628 795 1764 850 *Quae
1784 800 1941 839 autem

344 870 389 916 in
414 869 712 915 multitudine
737 885 843 914 eum
874 868 1167 914 contentione
1202 868 1404 913 habetur
1427 869 1586 922 oratio,
1614 885 1669 914 ea
1694 884 1820 931 saepe
1844 868 1942 914 uni—

290 950 316 991 4
345 961 526 991 versam
553 944 736 990 excitat.
786 943 961 1005 Magna
980 948 1051 988 est
1077 942 1196 987 enim
1217 942 1460 988 admiratio
1481 943 1666 1005 copiose
1692 943 1943 1005 sapienter-

345 1036 436 1082 que
462 1019 686 1065 dicentis:
726 1033 866 1080 quem
902 1016 980 1078 qui
1015 1017 1224 1070 audiunt,
1252 1017 1513 1080 intelligere
1545 1018 1684 1063 etiam
1710 1024 1756 1064 et
1781 1034 1944 1080 sapere

292 1103 318 1142 5
346 1095 452 1157 plus
494 1109 635 1156 quam
677 1100 856 1138 eeteros
898 1091 1193 1138 arbitrant-ur.
1266 1092 1315 1138 Si
1355 1109 1466 1139 vero
1500 1093 1620 1138 inest
1659 1093 1705 1138 in
1740 1094 1944 1139 oratione

344 1170 488 1215 mixta
521 1167 766 1214 modestiae
801 1167 1024 1230 gravitas
1050 1167 1162 1212 nihil
1188 1167 1503 1214 admirabilius
1528 1168 1624 1213 fieri
1650 1174 1833 1230 potest;
1869 1184 1944 1214 eo-

291 1251 317 1291 6
344 1261 434 1307 que
459 1243 623 1307 magis,
652 1243 689 1288 si
714 1258 768 1288 ea
792 1248 901 1287 sunt
936 1241 980 1287 in
1014 1241 1327 1288 adolescente.
1399 1242 1509 1297 Sed,
1537 1259 1645 1288 cum
1684 1242 1775 1289 sint
1811 1243 1940 1304 plura

345 1335 591 1366 causarum
627 1333 811 1381 genera,
841 1332 947 1378 quae
984 1316 1297 1378 eloquentiam
1334 1317 1613 1372 desiderent,
1640 1317 1868 1379 multique
1903 1317 1946 1363 in

344 1401 502 1440 nostra
526 1410 575 1439 re
600 1392 789 1455 publica
810 1391 1130 1436 adolescentes
1151 1398 1197 1436 et
1216 1392 1343 1454 apud
1364 1392 1561 1454 judiceS,
1584 1398 1631 1438 et
1649 1392 1776 1455 apud
1797 1408 1946 1455 popu-

345 1471 456 1524 lum,
484 1474 531 1514 et
555 1467 682 1530 apud
708 1472 925 1512 senatum
951 1466 1149 1512 dicendo
1174 1466 1363 1511 laudem
1390 1466 1591 1512 assecuti
1615 1466 1718 1521 sint,
1745 1466 1946 1512 maxima

293 1546 316 1591 7
345 1551 416 1591 est
441 1543 683 1590 admiratio
708 1542 753 1587 in
774 1541 958 1605 judiciis
980 1557 988 1587 :
1027 1558 1228 1604 quorum
1252 1541 1369 1587 ratio
1395 1541 1571 1604 duplex
1595 1547 1679 1588 est.
1740 1541 1865 1587 Nam
1890 1557 1948 1587 ex

344 1619 637 1666 accusatione
657 1623 704 1664 et
723 1617 989 1664 defensione
1009 1622 1218 1663 constat:
1245 1632 1442 1678 quarum
1467 1616 1552 1662 etsi
1577 1616 1854 1662 laudabilior
1877 1622 1948 1662 est

293 1702 321 1742 ²3
347 1694 569 1749 defensio,
597 1700 756 1739 tamen
791 1692 931 1739 etiam
965 1691 1200 1738 accusatio
1225 1691 1424 1753 probata
1449 1707 1661 1753 persaepe
1686 1696 1770 1737 est.
1841 1690 1946 1737 Dixi

347 1769 486 1832 paulo
512 1775 618 1814 ante
644 1769 702 1814 de
729 1768 913 1814 Crasso.
984 1766 1120 1812 Idem
1156 1766 1267 1812 fecit
1301 1765 1572 1811 adolescens
1606 1766 1669 1811 M.
1696 1765 1945 1812 Antonius.

346 1845 498 1890 Etiam
523 1844 576 1890 P.
599 1843 791 1905 Sulpicii
816 1841 1128 1905 eloquentiam
1153 1841 1387 1887 accusatio
1411 1840 1672 1895 illustravit,
1695 1857 1803 1887 cum
1827 1841 1944 1887 sedi-

346 1920 515 1966 tiosum
541 1925 589 1965 et
612 1918 823 1964 inutilem
849 1917 1010 1970 civem,
1040 1917 1092 1963 C.
1119 1916 1409 1969 Norbanum,
1436 1915 1482 1960 in
1502 1915 1730 1978 judicium
1748 1916 1944 1963 vocavit.

293 2002 320 2043 9
347 1995 442 2041 Sed
478 1995 567 2040 hoc
593 1993 781 2056 quidem
817 2009 910 2038 non
945 1997 1016 2037 est
1050 2006 1177 2053 saepe
1211 1990 1491 2044 faciendum,
1518 2006 1606 2036 nec
1631 2006 1839 2053 unquam
1863 1990 1947 2036 nisi

345 2076 427 2116 aut
461 2069 527 2115 rei
562 2068 763 2132 publicae
801 2083 953 2121 causa,
982 2072 1036 2112 ut
1067 2066 1108 2120 ii,
1137 2081 1253 2128 quos
1278 2071 1385 2111 ante
1411 2065 1535 2120 dixi;
1572 2071 1656 2111 aut
1679 2065 1944 2120 ulciscendi,

345 2151 397 2191 ut
422 2145 516 2190 duo
541 2142 725 2189 Luculli
745 2159 755 2197 ;
793 2147 874 2187 aut
900 2141 1154 2204 patrocinii,
1176 2146 1230 2186 ut
1254 2157 1338 2186 nos
1363 2157 1448 2202 pro
1475 2140 1653 2194 Siculis,
1676 2156 1761 2202 pro
1787 2140 1946 2186 Sardis

345 2220 391 2265 in
416 2218 621 2265 Albucio
644 2217 812 2264 Julius.
873 2217 928 2261 In
954 2216 1219 2262 accusando
1246 2215 1381 2261 etiam
1410 2215 1489 2261 Μ’.
1517 2215 1724 2276 Aquillio
1749 2215 1801 2262 L.
1829 2215 1945 2260 Fufii

269 2299 320 2340 [Ο
348 2293 543 2357 cognita,
556 2292 784 2338 industria
809 2297 892 2337 est.
945 2290 1101 2336 Semel
1126 2289 1282 2352 igitur,
1306 2295 1386 2334 aut
1411 2305 1502 2334 non
1528 2305 1654 2350 saepe
1676 2295 1814 2335 certe.
1865 2289 1945 2335 Sin

347 2369 446 2422 erit,
476 2367 550 2414 cui
586 2366 852 2412 faciendum
891 2365 949 2411 sit
985 2364 1170 2426 saepius,
1197 2363 1263 2409 rei
1298 2364 1501 2425 publicae
1528 2363 1702 2409 tribuat
1730 2364 1819 2409 1100
1843 2381 1944 2409 mu-

345 2443 480 2496 neris,
508 2442 641 2504 cujus
665 2441 868 2487 inimicos
893 2439 1050 2485 ulcisci
1077 2438 1261 2500 saepiUS,
1279 2454 1371 2483 non
1396 2443 1466 2483 est
1490 2438 1943 2500 reprehendendum.

266 2525 318 2566 11
348 2517 519 2564 Modus
554 2523 713 2562 tamen
747 2515 882 2562 adsit.
953 2514 1071 2560 Duri
1103 2514 1224 2559 enim
1248 2512 1459 2567 hominiS‚
1485 2513 1559 2557 vel
1584 2512 1738 2574 potius
1762 2512 1838 2558 vix
1862 2514 1942 2558 ho-

267 2599 321 2640 12
346 2592 492 2646 miniS,
514 2591 709 2645 videtur,
732 2589 991 2653 periculum
1012 2588 1175 2651 capitis
1199 2588 1365 2633 inferre
1390 2587 1562 2633 multis,
1612 2587 1670 2633 Id
1697 2604 1802 2633 cum
1828 2588 1943 2650 peri-

348 2667 558 2713 culosum
584 2666 670 2728 ipsi
690 2671 776 2720 est,
796 2670 899 2710 tum
924 2663 1064 2710 etiam
1085 2662 1325 2708 sordidum
1345 2662 1404 2707 ad
1429 2661 1619 2716 famam,
1642 2661 1943 2715 committere,

347 2747 400 2788 ut
425 2747 670 2787 aecusator
693 2739 930 2785 nominere
951 2753 960 2784 ε
998 2737 1125 2800 quod
1152 2736 1348 2798 contigit
1372 2736 1435 2783 M.
1464 2736 1626 2790 Bruto,
1654 2752 1837 2782 summo
1861 2751 1942 2798 ge-

348 2832 457 2862 nere
495 2821 620 2868 nato,
648 2814 769 2860 illius
807 2814 913 2867 filio,
940 2813 1019 2874 qui
1053 2811 1170 2874 juris
1206 2811 1348 2857 civilis
1380 2811 1425 2856 in
1458 2810 1617 2874 primis
1643 2810 1819 2872 peritus
1844 2809 1944 2856 fuit.

270 2897 322 2937 '13
352 2890 514 2952 Atque
539 2889 678 2935 etiam
704 2889 793 2934 hoc
821 2893 1114 2950 praeceptum
1141 2885 1275 2932 officii
1301 2885 1547 2949 diligenter
1582 2884 1837 2931 tenendum
1859 2891 1942 2937 est,

349 2981 406 3011 ne
427 2981 566 3027 quem
584 2979 792 3025 unquam
811 2963 1104 3008 innocentem
1125 2960 1302 3023 judicio
1321 2960 1484 3023 capitis
1505 2973 1736 3005 arcessas:
1763 2957 1809 3004 id
1826 2957 1941 3004 enim

274 3046 325 3087 14
352 3040 447 3085 sine
468 3039 641 3085 scelere
661 3037 757 3083 fieri
782 3037 910 3083 nullo
937 3041 1075 3099 pacto
1100 3040 1269 3098 potest.
1320 3035 1443 3080 Nam
1463 3034 1576 3096 quid
1597 3039 1668 3080 est
1692 3038 1788 3079 tam
1813 3032 1932 3078 inbu-
