2054 3470
279 203 334 243 32
967 215 1029 244 DE
1068 214 1279 244 OFF1011s

311 320 339 366 '7
360 328 407 367 ct
433 320 684 383 prudentia
710 321 994 384 consilioque
1014 321 1214 369 fidentis.
1285 322 1479 368 Temere
1499 328 1660 368 autem
1685 321 1731 368 in
1755 322 1853 369 acie
1873 338 1951 370 ver

359 396 463 450 sari,
491 402 538 442 et
563 413 706 442 manu
741 413 850 443 cum
884 397 1022 443 hoste
1047 396 1313 460 confligere,
1339 396 1543 443 immane
1568 397 1794 460 quiddam
1820 404 1866 444 et
1891 398 1965 445 be-

359 469 544 517 luarum
580 472 727 518 simile
753 477 839 526 est,
867 471 952 517 sed
988 488 1098 517 cum
1133 477 1325 534 tempus
1361 471 1709 535 necessitasque
1746 473 1969 535 postulat,

358 545 700 592 decertandum
748 563 894 592 manu
941 551 1026 601 est,
1067 551 1114 592 et
1162 562 1289 592 mors
1337 547 1551 593 servituti
1598 546 1971 610 turpitudinique

357 622 699 684 anteponenda.

423 771 603 819 XXIV.
641 772 715 818 De
741 772 1005 819 evertendis
1039 777 1199 818 autem
1225 772 1587 835 diripiendisque
1612 773 1810 819 urbibus
1834 772 1970 819 valde

298 864 304 870 ·
355 846 754 893 considerandum
779 853 865 901 est,
893 863 951 893 ne
976 847 1090 909 quid
1115 853 1305 902 temere,
1332 863 1391 893 ne
1417 848 1530 909 quid
1556 848 1820 894 crudeliter.
1891 846 1969 892 Id-

357 937 448 984 que
468 927 539 967 est
557 921 642 968 viri
661 922 834 985 magni,
854 922 997 968 rebus
1019 922 1226 985 agitatis,
1248 922 1412 985 punire
1430 927 1601 976 sontes,
1620 921 1968 968 multitudinem

303 1001 327 1042 2
356 1012 647 1051 conservare,
667 996 713 1042 in
730 997 855 1043 omni
874 997 1065 1042 fortuna
1084 1004 1214 1042 recta
1234 1003 1378 1059 atque
1404 998 1602 1042 honesta
1621 997 1833 1044 retinere.
1906 996 1971 1042 Ut

354 1071 476 1117 enim
502 1076 625 1127 sunt,
653 1071 1058 1133 quemadmodum
1084 1087 1230 1134 supra
1255 1072 1361 1126 dixi,
1390 1072 1470 1134 qui
1493 1071 1682 1118 urbanis
1706 1073 1847 1118 rebus
1872 1072 1968 1118 bol-

354 1146 466 1192 licas
501 1152 821 1210 anteponant:
858 1146 922 1192 sic
958 1147 1165 1209 reperias
1201 1147 1390 1200 multos,
1418 1147 1590 1208 quibus
1626 1146 1888 1208 periculosa
1923 1153 1970 1193 et

354 1221 505 1268 calida
540 1222 730 1268 consilia
753 1222 920 1284 quietis
956 1226 1004 1267 et
1039 1221 1254 1284 cogitatis
1290 1227 1338 1267 et
1376 1221 1693 1283 splendidiora
1719 1228 1766 1267 et
1789 1221 1969 1284 majona

353 1296 614 1344 videantur.
687 1297 947 1359 Nunquam
983 1296 1170 1342 omnino
1207 1296 1401 1358 periculi
1437 1296 1555 1359 fuga
1579 1296 1968 1342 committendum

300 1376 326 1417 3
354 1378 439 1426 est,
466 1378 521 1418 ut
553 1372 766 1418 imbelles
803 1371 1048 1433 timidique
1075 1371 1332 1418 videamur.
1405 1370 1500 1416 Sed
1536 1370 1815 1433 fugiendum
1853 1371 1969 1417 illud

352 1446 508 1501 etiam,
535 1463 592 1492 ne
618 1446 868 1493 offeramus
906 1463 992 1492 nos
1026 1445 1242 1508 periculis
1279 1445 1376 1490 sine
1404 1461 1573 1491 causa:
1612 1461 1706 1507 quo
1732 1461 1833 1492 esse
1857 1445 1969 1492 nihil

301 1525 326 1566 4
354 1528 511 1584 potest
530 1522 732 1568 stultius.
805 1523 1110 1585 Quapropter
1128 1521 1172 1566 in
1193 1519 1422 1566 adeundis
1442 1520 1660 1583 periculis
1678 1521 1969 1567 consuetudo

352 1597 576 1643 imitanda
611 1597 901 1643 medicorum
937 1602 1022 1651 est,
1050 1595 1130 1658 qui
1170 1595 1336 1641 leviter
1375 1601 1664 1658 aegrotantes
1699 1595 1865 1642 leniter
1891 1613 1968 1643 cu-

354 1678 470 1726 rant,
497 1672 789 1735 gravioribus
814 1678 973 1717 autem
1000 1670 1174 1716 morbis
1211 1670 1497 1733 periculosas
1525 1670 1789 1717 curationes
1816 1676 1863 1717 et
1888 1687 1966 1716 an-

298 1753 325 1792 5
353 1746 515 1809 cipites
540 1746 763 1792 adhibere
785 1751 1031 1809 coguntur.
1105 1746 1259 1801 Quare
1285 1745 1331 1790 in
1357 1745 1608 1807 tranquillo
1633 1750 1968 1808 tempestatem

351 1821 599 1867 adversam
634 1828 800 1884 optare
836 1820 1066 1866 dementis
1103 1826 1188 1875 est,
1215 1819 1463 1865 subvenire
1502 1825 1660 1866 autem
1696 1821 1967 1883 tempestati

351 1896 512 1958 quavis
547 1896 726 1942 ratione
763 1895 1012 1958 sapientis:
1052 1910 1202 1957 eoque
1237 1894 1401 1958 magis,
1429 1894 1466 1940 si
1502 1895 1608 1957 plus
1634 1894 1894 1957 adipiscare
1918 1912 1967 1942 re

299 1975 325 2017 6
353 1971 587 2033 explicata
628 1971 750 2026 boni,
789 1986 933 2033 quam
967 1969 1249 2016 addubitata
1289 1969 1412 2015 mali.
1483 1969 1771 2017 Periculosae
1809 1977 1965 2017 autem

351 2062 508 2093 rerum
544 2046 750 2092 actiones
787 2045 959 2108 partim
995 2045 1048 2091 iis
1083 2050 1207 2100 sunt,
1250 2044 1331 2107 qui
1363 2059 1441 2090 eas
1479 2044 1754 2108 suscipiunt,
1795 2045 1962 2108 partim

351 2121 417 2167 rei
451 2120 666 2183 publicae.
738 2121 957 2183 Itemque
992 2120 1069 2166 alii
1103 2120 1163 2166 de
1189 2120 1298 2174 vita,
1326 2119 1403 2165 alii
1439 2119 1498 2165 de
1533 2119 1684 2182 gloria
1708 2126 1755 2166 et
1779 2120 1965 2167 benivo—

300 2195 323 2242 7
350 2195 494 2241 lentia
518 2195 688 2241 civium
712 2195 759 2240 in
784 2195 1035 2241 discrimen
1058 2200 1301 2241 vocantur.
1371 2194 1694 2256 Promptiores
1718 2195 1862 2258 igitur
1885 2195 1963 2242 de·

351 2271 518 2317 bemus
554 2285 655 2332 csse
694 2269 755 2315 ad
796 2275 958 2315 nostra
996 2270 1219 2332 pericula,
1246 2284 1390 2331 quam
1425 2269 1487 2314 ad
1524 2270 1805 2324 communia,
1833 2270 1965 2318 dimi·

352 2360 551 2408 careque
587 2344 797 2408 paratius
822 2344 881 2390 de
906 2345 1083 2391 honore
1109 2350 1156 2390 et
1182 2344 1344 2407 gloria,
1371 2359 1511 2406 quam
1550 2343 1610 2390 de
1647 2344 1812 2391 ceteris
1838 2361 1964 2392 com-

299 2426 325 2467 8
351 2420 516 2467 modis.
586 2419 772 2466 Inventi
796 2425 956 2466 autem
980 2419 1118 2465 multi
1142 2424 1265 2474 sunt,
1293 2418 1373 2481 qui
1407 2434 1500 2464 non
1523 2418 1666 2465 modo
1699 2419 1961 2482 pecuniam,

351 2495 435 2540 sed
461 2495 602 2541 ctiam
627 2495 773 2541 vitam
810 2494 1095 2558 profundere
1132 2510 1218 2557 pro
1258 2493 1413 2557 patria
1448 2493 1601 2556 parati
1625 2500 1795 2549 essent,
1821 2495 1962 2542 iidem

351 2570 514 2633 gloriae
550 2570 785 2632 jacturam
822 2585 882 2615 ne
919 2569 1162 2615 minimam
1198 2569 1388 2631 quidem
1424 2569 1580 2615 facere
1615 2569 1802 2624 vellent,
1829 2585 1887 2616 ne
1914 2586 1962 2617 re

300 2650 326 2692 9
354 2645 544 2708 publica
568 2644 759 2707 quidem
779 2644 1065 2707 postulante.
1126 2644 1195 2690 Ut
1213 2643 1550 2698 Callicratidas,
1574 2644 1666 2706 qui,
1689 2660 1797 2690 cum
1818 2644 1961 2690 Lace-

351 2719 688 2766 daemoniorum
713 2719 809 2764 dux
833 2719 999 2765 fuisset
1022 2718 1424 2781 Peloponnesiaco
1462 2718 1601 2773 bello,
1628 2718 1871 2780 multaque
1895 2719 1960 2764 fc-

352 2794 491 2841 cisset
525 2793 727 2857 egregio,
753 2794 892 2839 vertit
927 2794 987 2839 ad
1023 2801 1287 2839 extremum
1324 2792 1492 2846 omnia,
1521 2809 1629 2839 cum
1655 2793 1845 2839 consilio
1868 2809 1957 2839 non

352 2869 509 2933 paruit
540 2884 716 2922 eorum,
745 2868 823 2930 qui
860 2869 1058 2914 classem
1094 2868 1154 2914 ab
1189 2867 1465 2930 Arginussis
1501 2867 1847 2922 removendam,
1873 2882 1960 2913 nec

351 2959 460 2990 cum
483 2943 855 2989 Atheniensibus
891 2942 1210 2988 dimicandum
1246 2943 1491 3005 putabant.
1564 2941 1745 2997 Quibus
1779 2941 1855 2989 ille
1889 2956 1957 2988 re-

353 3018 558 3080 spondit,
601 3017 997 3072 Laccdaemonios,
1048 3017 1196 3063 classe
1244 3016 1323 3063 illa
1375 3016 1558 3070 amissa,
1608 3015 1745 3062 aliam
1793 3028 1953 3080 parare
