<?xml version="1.0" encoding="UTF-8"?>
<!DOCTYPE html PUBLIC "-//W3C//DTD XHTML 1.0 Transitional//EN"
    "http://www.w3.org/TR/xhtml1/DTD/xhtml1-transitional.dtd">
<html xmlns="http://www.w3.org/1999/xhtml" xml:lang="en" lang="en">
 <head>
  <title>
</title>
<meta http-equiv="Content-Type" content="text/html;charset=utf-8" />
  <meta name='ocr-system' content='tesseract 3.04.00' />
  <meta name='ocr-capabilities' content='ocr_page ocr_carea ocr_par ocr_line ocrx_word'/>
</head>
<body>
  <div class='ocr_page' id='page_1' title='image "./mtulliiciceronis1850cice_0056.png"; bbox 0 0 2054 3470; ppageno 0'>
   <div class='ocr_carea' id='block_1_1' title="bbox 283 219 1281 273">
    <p class='ocr_par' dir='ltr' id='par_1_1' title="bbox 283 219 1281 273">
     <span class='ocr_line' id='line_1_1' title="bbox 283 219 1281 273; baseline -0.002 -12"><span class='ocrx_word' id='word_1_1' title='bbox 283 219 344 261; x_wconf 85' lang='grc'><strong>44</strong></span> <span class='ocrx_word' id='word_1_2' title='bbox 840 272 843 273; x_wconf 19' lang='lat'><em>⁷</em></span> <span class='ocrx_word' id='word_1_3' title='bbox 981 231 1042 259; x_wconf 81' lang='lat' dir='ltr'><strong>DE</strong></span> <span class='ocrx_word' id='word_1_4' title='bbox 1071 230 1281 260; x_wconf 67' lang='lat' dir='ltr'><strong>Officiis</strong></span> 
     </span>
    </p>
   </div>
   <div class='ocr_carea' id='block_1_2' title="bbox 293 335 1984 2351">
    <p class='ocr_par' dir='ltr' id='par_1_2' title="bbox 293 335 1984 2351">
     <span class='ocr_line' id='line_1_2' title="bbox 317 335 1977 401; baseline -0.001 -16"><span class='ocrx_word' id='word_1_5' title='bbox 317 346 343 386; x_wconf 87' lang='lat'>5</span> <span class='ocrx_word' id='word_1_6' title='bbox 372 354 480 384; x_wconf 89' lang='lat' dir='ltr'><strong>nere</strong></span> <span class='ocrx_word' id='word_1_7' title='bbox 506 338 626 393; x_wconf 61' lang='lat' dir='ltr'><strong>vita),</strong></span> <span class='ocrx_word' id='word_1_8' title='bbox 654 339 736 385; x_wconf 88' lang='lat' dir='ltr'><strong>sed</strong></span> <span class='ocrx_word' id='word_1_9' title='bbox 771 344 952 384; x_wconf 78' lang='lat' dir='ltr'><strong>naturae</strong></span> <span class='ocrx_word' id='word_1_10' title='bbox 987 338 1150 401; x_wconf 82' lang='lat' dir='ltr'><strong>magis.</strong></span> <span class='ocrx_word' id='word_1_11' title='bbox 1221 337 1374 382; x_wconf 86' lang='lat' dir='ltr'><strong>Multo</strong></span> <span class='ocrx_word' id='word_1_12' title='bbox 1400 336 1521 382; x_wconf 88' lang='lat' dir='ltr'><strong>euim</strong></span> <span class='ocrx_word' id='word_1_13' title='bbox 1555 342 1602 382; x_wconf 90' lang='lat' dir='ltr'><strong>et</strong></span> <span class='ocrx_word' id='word_1_14' title='bbox 1637 335 1812 383; x_wconf 91' lang='lat' dir='ltr'><strong>firmior</strong></span> <span class='ocrx_word' id='word_1_15' title='bbox 1835 341 1906 382; x_wconf 89' lang='lat' dir='ltr'><strong>est</strong></span> <span class='ocrx_word' id='word_1_16' title='bbox 1931 343 1977 383; x_wconf 79' lang='lat' dir='ltr'><strong>et</strong></span> 
     </span>
     <span class='ocr_line' id='line_1_3' title="bbox 372 410 1970 474; baseline -0.001 -15"><span class='ocrx_word' id='word_1_17' title='bbox 372 413 684 460; x_wconf 79' lang='lat' dir='ltr'>constantior:</span> <span class='ocrx_word' id='word_1_18' title='bbox 721 418 775 459; x_wconf 93' lang='lat' dir='ltr'><strong>ut</strong></span> <span class='ocrx_word' id='word_1_19' title='bbox 808 413 998 459; x_wconf 82' lang='lat' dir='ltr'><strong>fortuna</strong></span> <span class='ocrx_word' id='word_1_20' title='bbox 1021 427 1357 474; x_wconf 81' lang='lat' dir='ltr'>nonnunquam</span> <span class='ocrx_word' id='word_1_21' title='bbox 1389 411 1504 474; x_wconf 84' lang='lat' dir='ltr'><strong>ipsa,</strong></span> <span class='ocrx_word' id='word_1_22' title='bbox 1530 410 1739 457; x_wconf 87' lang='lat' dir='ltr'><strong>mortalis</strong></span> <span class='ocrx_word' id='word_1_23' title='bbox 1764 427 1870 457; x_wconf 90' lang='lat' dir='ltr'><strong>cum</strong></span> <span class='ocrx_word' id='word_1_24' title='bbox 1894 410 1970 457; x_wconf 90' lang='lat' dir='ltr'><strong>im-</strong></span> 
     </span>
     <span class='ocr_line' id='line_1_4' title="bbox 318 485 1978 551; baseline -0.002 -17"><span class='ocrx_word' id='word_1_25' title='bbox 318 494 343 534; x_wconf 79' lang='lat'>6</span> <span class='ocrx_word' id='word_1_26' title='bbox 371 488 554 534; x_wconf 78' lang='lat' dir='ltr'>mortali</span> <span class='ocrx_word' id='word_1_27' title='bbox 578 493 747 533; x_wconf 88' lang='lat' dir='ltr'><strong>natura</strong></span> <span class='ocrx_word' id='word_1_28' title='bbox 771 504 985 551; x_wconf 83' lang='lat' dir='ltr'><strong>pugnare</strong></span> <span class='ocrx_word' id='word_1_29' title='bbox 1010 487 1237 533; x_wconf 89' lang='lat' dir='ltr'><strong>videatur.</strong></span> <span class='ocrx_word' id='word_1_30' title='bbox 1310 486 1401 542; x_wconf 80' lang='lat' dir='ltr'><strong>Qui</strong></span> <span class='ocrx_word' id='word_1_31' title='bbox 1425 486 1568 549; x_wconf 81' lang='lat' dir='ltr'><strong>igitur</strong></span> <span class='ocrx_word' id='word_1_32' title='bbox 1591 485 1652 532; x_wconf 91' lang='lat' dir='ltr'><strong>ad</strong></span> <span class='ocrx_word' id='word_1_33' title='bbox 1675 490 1856 531; x_wconf 84' lang='lat' dir='ltr'><strong>naturae</strong></span> <span class='ocrx_word' id='word_1_34' title='bbox 1879 500 1978 532; x_wconf 67' lang='lat' dir='ltr'><strong>sua}</strong></span> 
     </span>
     <span class='ocr_line' id='line_1_5' title="bbox 372 560 1978 627; baseline -0.002 -18"><span class='ocrx_word' id='word_1_35' title='bbox 372 579 464 609; x_wconf 89' lang='lat' dir='ltr'><strong>non</strong></span> <span class='ocrx_word' id='word_1_36' title='bbox 504 563 683 609; x_wconf 81' lang='lat' dir='ltr'><strong>vitiosae</strong></span> <span class='ocrx_word' id='word_1_37' title='bbox 730 578 880 627; x_wconf 81' lang='lat' dir='ltr'><strong>genus</strong></span> <span class='ocrx_word' id='word_1_38' title='bbox 927 562 1169 609; x_wconf 85' lang='lat' dir='ltr'><strong>consilium</strong></span> <span class='ocrx_word' id='word_1_39' title='bbox 1215 561 1403 608; x_wconf 77' lang='lat' dir='ltr'><strong>vivendi</strong></span> <span class='ocrx_word' id='word_1_40' title='bbox 1450 577 1587 607; x_wconf 90' lang='lat' dir='ltr'><strong>omne</strong></span> <span class='ocrx_word' id='word_1_41' title='bbox 1634 561 1899 615; x_wconf 86' lang='lat' dir='ltr'><strong>contulerit,</strong></span> <span class='ocrx_word' id='word_1_42' title='bbox 1940 560 1978 607; x_wconf 87' lang='lat' dir='ltr'><strong>is</strong></span> 
     </span>
     <span class='ocr_line' id='line_1_6' title="bbox 371 634 1979 702; baseline -0.002 -18"><span class='ocrx_word' id='word_1_43' title='bbox 371 638 680 684; x_wconf 76' lang='lat' dir='ltr'>constantiam</span> <span class='ocrx_word' id='word_1_44' title='bbox 718 643 877 684; x_wconf 84' lang='lat' dir='ltr'><strong>teneat</strong></span> <span class='ocrx_word' id='word_1_45' title='bbox 915 636 981 702; x_wconf 92' lang='lat' dir='ltr'><strong>(id</strong></span> <span class='ocrx_word' id='word_1_46' title='bbox 1015 637 1137 684; x_wconf 89' lang='lat' dir='ltr'><strong>enim</strong></span> <span class='ocrx_word' id='word_1_47' title='bbox 1163 637 1364 683; x_wconf 78' lang='lat' dir='ltr'><strong>maxime</strong></span> <span class='ocrx_word' id='word_1_48' title='bbox 1389 634 1547 700; x_wconf 90' lang='lat' dir='ltr'><strong>decet)</strong></span> <span class='ocrx_word' id='word_1_49' title='bbox 1573 635 1659 682; x_wconf 86' lang='lat' dir='ltr'><strong>nisi</strong></span> <span class='ocrx_word' id='word_1_50' title='bbox 1693 635 1814 682; x_wconf 87' lang='lat' dir='ltr'><strong>forte</strong></span> <span class='ocrx_word' id='word_1_51' title='bbox 1838 651 1889 681; x_wconf 86' lang='lat' dir='ltr'><strong>se</strong></span> <span class='ocrx_word' id='word_1_52' title='bbox 1913 635 1979 681; x_wconf 87' lang='lat' dir='ltr'><strong>in-</strong></span> 
     </span>
     <span class='ocr_line' id='line_1_7' title="bbox 321 709 1977 777; baseline -0.002 -18"><span class='ocrx_word' id='word_1_53' title='bbox 321 714 342 758; x_wconf 83' lang='lat'><strong>7</strong></span> <span class='ocrx_word' id='word_1_54' title='bbox 373 713 601 759; x_wconf 80' lang='lat' dir='ltr'><strong>tellexerit</strong></span> <span class='ocrx_word' id='word_1_55' title='bbox 625 729 803 759; x_wconf 88' lang='lat' dir='ltr'><strong>errasse</strong></span> <span class='ocrx_word' id='word_1_56' title='bbox 835 713 881 759; x_wconf 91' lang='lat' dir='ltr'><strong>in</strong></span> <span class='ocrx_word' id='word_1_57' title='bbox 906 713 1156 777; x_wconf 81' lang='lat' dir='ltr'><strong>deligendo</strong></span> <span class='ocrx_word' id='word_1_58' title='bbox 1182 727 1353 776; x_wconf 80' lang='lat' dir='ltr'><strong>genere</strong></span> <span class='ocrx_word' id='word_1_59' title='bbox 1378 711 1500 758; x_wconf 81' lang='lat' dir='ltr'><strong>vitae.</strong></span> <span class='ocrx_word' id='word_1_60' title='bbox 1572 710 1712 766; x_wconf 77' lang='lat' dir='ltr'><strong>Quod</strong></span> <span class='ocrx_word' id='word_1_61' title='bbox 1737 709 1774 756; x_wconf 90' lang='lat' dir='ltr'><strong>si</strong></span> <span class='ocrx_word' id='word_1_62' title='bbox 1798 710 1977 756; x_wconf 84' lang='lat' dir='ltr'><strong>accide-</strong></span> 
     </span>
     <span class='ocr_line' id='line_1_8' title="bbox 371 786 1979 852; baseline -0.002 -19"><span class='ocrx_word' id='word_1_63' title='bbox 371 788 428 834; x_wconf 86' lang='lat' dir='ltr'><strong>rit</strong></span> <span class='ocrx_word' id='word_1_64' title='bbox 454 786 631 852; x_wconf 85' lang='lat' dir='ltr'><strong>(potest</strong></span> <span class='ocrx_word' id='word_1_65' title='bbox 656 793 815 835; x_wconf 85' lang='lat' dir='ltr'><strong>autem</strong></span> <span class='ocrx_word' id='word_1_66' title='bbox 841 787 1074 844; x_wconf 75' lang='lat' dir='ltr'><strong>accidere)</strong></span> <span class='ocrx_word' id='word_1_67' title='bbox 1099 787 1314 833; x_wconf 87' lang='lat' dir='ltr'><strong>facienda</strong></span> <span class='ocrx_word' id='word_1_68' title='bbox 1347 803 1532 832; x_wconf 86' lang='lat' dir='ltr'><strong>morum</strong></span> <span class='ocrx_word' id='word_1_69' title='bbox 1567 786 1979 847; x_wconf 74' lang='lat' dir='ltr'><strong>institutorumque</strong></span> 
     </span>
     <span class='ocr_line' id='line_1_9' title="bbox 317 859 1979 923; baseline -0.001 -16"><span class='ocrx_word' id='word_1_70' title='bbox 317 870 342 907; x_wconf 60' lang='grc' dir='ltr'>ὃ</span> <span class='ocrx_word' id='word_1_71' title='bbox 371 863 568 910; x_wconf 85' lang='lat' dir='ltr'><strong>mutatio</strong></span> <span class='ocrx_word' id='word_1_72' title='bbox 593 869 678 910; x_wconf 87' lang='lat' dir='ltr'><strong>est.</strong></span> <span class='ocrx_word' id='word_1_73' title='bbox 737 864 859 910; x_wconf 88' lang='lat' dir='ltr'><strong>Eam</strong></span> <span class='ocrx_word' id='word_1_74' title='bbox 883 862 1208 917; x_wconf 80' lang='lat' dir='ltr'><strong>mutationem,</strong></span> <span class='ocrx_word' id='word_1_75' title='bbox 1230 862 1268 908; x_wconf 88' lang='lat' dir='ltr'><strong>si</strong></span> <span class='ocrx_word' id='word_1_76' title='bbox 1292 867 1509 923; x_wconf 89' lang='lat' dir='ltr'><strong>tempora</strong></span> <span class='ocrx_word' id='word_1_77' title='bbox 1534 860 1843 923; x_wconf 86' lang='lat' dir='ltr'><strong>adjuvabunt,</strong></span> <span class='ocrx_word' id='word_1_78' title='bbox 1868 859 1979 905; x_wconf 85' lang='lat' dir='ltr'><strong>faci·</strong></span> 
     </span>
     <span class='ocr_line' id='line_1_10' title="bbox 370 934 1979 1001; baseline -0.002 -17"><span class='ocrx_word' id='word_1_79' title='bbox 370 938 457 984; x_wconf 89' lang='lat' dir='ltr'><strong>lius</strong></span> <span class='ocrx_word' id='word_1_80' title='bbox 483 938 869 1001; x_wconf 75' lang='lat' dir='ltr'><strong>commodiusque</strong></span> <span class='ocrx_word' id='word_1_81' title='bbox 893 938 1136 985; x_wconf 85' lang='lat' dir='ltr'><strong>faciemus.</strong></span> <span class='ocrx_word' id='word_1_82' title='bbox 1206 937 1288 983; x_wconf 79' lang='lat' dir='ltr'><strong>Sin</strong></span> <span class='ocrx_word' id='word_1_83' title='bbox 1312 937 1491 991; x_wconf 85' lang='lat' dir='ltr'><strong>minus;</strong></span> <span class='ocrx_word' id='word_1_84' title='bbox 1529 935 1701 982; x_wconf 90' lang='lat' dir='ltr'><strong>sensim</strong></span> <span class='ocrx_word' id='word_1_85' title='bbox 1725 935 1812 981; x_wconf 89' lang='lat' dir='ltr'><strong>erit</strong></span> <span class='ocrx_word' id='word_1_86' title='bbox 1836 934 1979 997; x_wconf 85' lang='lat' dir='ltr'><strong>pede-</strong></span> 
     </span>
     <span class='ocr_line' id='line_1_11' title="bbox 373 1010 1980 1076; baseline -0.002 -17"><span class='ocrx_word' id='word_1_87' title='bbox 373 1013 634 1076; x_wconf 84' lang='lat' dir='ltr'><strong>tentimque</strong></span> <span class='ocrx_word' id='word_1_88' title='bbox 672 1013 915 1060; x_wconf 86' lang='lat' dir='ltr'><strong>facienda:</strong></span> <span class='ocrx_word' id='word_1_89' title='bbox 953 1017 1008 1059; x_wconf 92' lang='lat' dir='ltr'><strong>ut</strong></span> <span class='ocrx_word' id='word_1_90' title='bbox 1041 1011 1282 1067; x_wconf 80' lang='lat' dir='ltr'><strong>amicitias,</strong></span> <span class='ocrx_word' id='word_1_91' title='bbox 1320 1027 1427 1074; x_wconf 83' lang='lat' dir='ltr'><strong>quae</strong></span> <span class='ocrx_word' id='word_1_92' title='bbox 1466 1011 1620 1057; x_wconf 91' lang='lat' dir='ltr'><strong>minus</strong></span> <span class='ocrx_word' id='word_1_93' title='bbox 1657 1010 1893 1056; x_wconf 83' lang='lat' dir='ltr'><strong>delectent</strong></span> <span class='ocrx_word' id='word_1_94' title='bbox 1933 1015 1980 1055; x_wconf 87' lang='lat' dir='ltr'><strong>et</strong></span> 
     </span>
     <span class='ocr_line' id='line_1_12' title="bbox 369 1083 1979 1153; baseline -0.002 -19"><span class='ocrx_word' id='word_1_95' title='bbox 369 1088 522 1134; x_wconf 89' lang='lat' dir='ltr'><strong>minus</strong></span> <span class='ocrx_word' id='word_1_96' title='bbox 547 1088 819 1151; x_wconf 81' lang='lat' dir='ltr'><strong>probentur,</strong></span> <span class='ocrx_word' id='word_1_97' title='bbox 845 1087 996 1153; x_wconf 83' lang='lat' dir='ltr'><strong>magis</strong></span> <span class='ocrx_word' id='word_1_98' title='bbox 1023 1086 1189 1134; x_wconf 83' lang='lat' dir='ltr'><strong>decere</strong></span> <span class='ocrx_word' id='word_1_99' title='bbox 1215 1091 1408 1133; x_wconf 86' lang='lat' dir='ltr'><strong>censent</strong></span> <span class='ocrx_word' id='word_1_100' title='bbox 1432 1086 1668 1149; x_wconf 88' lang='lat' dir='ltr'><strong>sapientes</strong></span> <span class='ocrx_word' id='word_1_101' title='bbox 1693 1084 1864 1131; x_wconf 88' lang='lat' dir='ltr'><strong>sensim</strong></span> <span class='ocrx_word' id='word_1_102' title='bbox 1889 1083 1979 1130; x_wconf 90' lang='lat' dir='ltr'><strong>dis-</strong></span> 
     </span>
     <span class='ocr_line' id='line_1_13' title="bbox 318 1162 1981 1226; baseline -0.004 -16"><span class='ocrx_word' id='word_1_103' title='bbox 318 1169 343 1210; x_wconf 82' lang='lat'>9</span> <span class='ocrx_word' id='word_1_104' title='bbox 372 1180 520 1219; x_wconf 71' lang='lat' dir='ltr'><strong>suere,</strong></span> <span class='ocrx_word' id='word_1_105' title='bbox 547 1179 690 1226; x_wconf 90' lang='lat' dir='ltr'><strong>quam</strong></span> <span class='ocrx_word' id='word_1_106' title='bbox 724 1168 919 1226; x_wconf 85' lang='lat' dir='ltr'><strong>repente</strong></span> <span class='ocrx_word' id='word_1_107' title='bbox 955 1162 1225 1226; x_wconf 85' lang='lat' dir='ltr'><strong>praecidere.</strong></span> <span class='ocrx_word' id='word_1_108' title='bbox 1298 1162 1602 1208; x_wconf 84' lang='lat' dir='ltr'><strong>Commutato</strong></span> <span class='ocrx_word' id='word_1_109' title='bbox 1625 1166 1785 1207; x_wconf 88' lang='lat' dir='ltr'><strong>autem</strong></span> <span class='ocrx_word' id='word_1_110' title='bbox 1809 1175 1981 1223; x_wconf 82' lang='lat' dir='ltr'><strong>genere</strong></span> 
     </span>
     <span class='ocr_line' id='line_1_14' title="bbox 370 1234 1982 1294; baseline -0.004 -8"><span class='ocrx_word' id='word_1_111' title='bbox 370 1239 491 1294; x_wconf 76' lang='lat' dir='ltr'><strong>vitae,</strong></span> <span class='ocrx_word' id='word_1_112' title='bbox 519 1238 641 1285; x_wconf 89' lang='lat' dir='ltr'><strong>omni</strong></span> <span class='ocrx_word' id='word_1_113' title='bbox 679 1239 857 1284; x_wconf 84' lang='lat' dir='ltr'><strong>ratione</strong></span> <span class='ocrx_word' id='word_1_114' title='bbox 894 1238 1156 1284; x_wconf 82' lang='lat' dir='ltr'><strong>curandum</strong></span> <span class='ocrx_word' id='word_1_115' title='bbox 1190 1243 1275 1291; x_wconf 83' lang='lat' dir='ltr'><strong>est,</strong></span> <span class='ocrx_word' id='word_1_116' title='bbox 1302 1244 1356 1283; x_wconf 90' lang='lat' dir='ltr'><strong>ut</strong></span> <span class='ocrx_word' id='word_1_117' title='bbox 1381 1237 1428 1282; x_wconf 91' lang='lat' dir='ltr'><strong>id</strong></span> <span class='ocrx_word' id='word_1_118' title='bbox 1453 1237 1577 1283; x_wconf 88' lang='lat' dir='ltr'><strong>bono</strong></span> <span class='ocrx_word' id='word_1_119' title='bbox 1603 1236 1792 1283; x_wconf 89' lang='lat' dir='ltr'><strong>consilio</strong></span> <span class='ocrx_word' id='word_1_120' title='bbox 1817 1234 1982 1282; x_wconf 83' lang='lat' dir='ltr'><strong>fecisse</strong></span> 
     </span>
     <span class='ocr_line' id='line_1_15' title="bbox 371 1314 1026 1379; baseline -0.002 -19"><span class='ocrx_word' id='word_1_121' title='bbox 371 1314 630 1361; x_wconf 87' lang='lat' dir='ltr'><strong>videamur.</strong></span> <span class='ocrx_word' id='word_1_122' title='bbox 1019 1369 1026 1379; x_wconf 26' lang='grc' dir='ltr'>η</span> 
     </span>
     <span class='ocr_line' id='line_1_16' title="bbox 294 1387 1982 1452; baseline -0.002 -17"><span class='ocrx_word' id='word_1_123' title='bbox 294 1395 345 1435; x_wconf 83' lang='lat'><strong>10</strong></span> <span class='ocrx_word' id='word_1_124' title='bbox 437 1389 534 1435; x_wconf 81' lang='lat' dir='ltr'><strong>Sed</strong></span> <span class='ocrx_word' id='word_1_125' title='bbox 569 1389 787 1452; x_wconf 84' lang='lat' dir='ltr'><strong>quoniam</strong></span> <span class='ocrx_word' id='word_1_126' title='bbox 826 1389 966 1450; x_wconf 86' lang='lat' dir='ltr'><strong>paulo</strong></span> <span class='ocrx_word' id='word_1_127' title='bbox 1003 1393 1111 1433; x_wconf 85' lang='lat' dir='ltr'><strong>ante</strong></span> <span class='ocrx_word' id='word_1_128' title='bbox 1146 1388 1324 1434; x_wconf 86' lang='lat' dir='ltr'><strong>dictum</strong></span> <span class='ocrx_word' id='word_1_129' title='bbox 1362 1394 1447 1442; x_wconf 85' lang='lat' dir='ltr'><strong>est,</strong></span> <span class='ocrx_word' id='word_1_130' title='bbox 1480 1387 1728 1433; x_wconf 87' lang='lat' dir='ltr'><strong>imitandos</strong></span> <span class='ocrx_word' id='word_1_131' title='bbox 1759 1402 1860 1432; x_wconf 88' lang='lat' dir='ltr'><strong>esse</strong></span> <span class='ocrx_word' id='word_1_132' title='bbox 1885 1402 1982 1431; x_wconf 84' lang='lat' dir='ltr'><strong>ma-</strong></span> 
     </span>
     <span class='ocr_line' id='line_1_17' title="bbox 367 1461 1981 1528; baseline -0.002 -18"><span class='ocrx_word' id='word_1_133' title='bbox 367 1465 508 1528; x_wconf 85' lang='lat' dir='ltr'><strong>jores,</strong></span> <span class='ocrx_word' id='word_1_134' title='bbox 547 1464 752 1528; x_wconf 90' lang='lat' dir='ltr'><strong>primum</strong></span> <span class='ocrx_word' id='word_1_135' title='bbox 795 1463 911 1510; x_wconf 88' lang='lat' dir='ltr'><strong>illud</strong></span> <span class='ocrx_word' id='word_1_136' title='bbox 956 1469 1208 1526; x_wconf 79' lang='lat' dir='ltr'><strong>exceptum</strong></span> <span class='ocrx_word' id='word_1_137' title='bbox 1251 1463 1323 1518; x_wconf 87' lang='lat' dir='ltr'><strong>sit,</strong></span> <span class='ocrx_word' id='word_1_138' title='bbox 1361 1480 1419 1509; x_wconf 89' lang='lat' dir='ltr'><strong>ne</strong></span> <span class='ocrx_word' id='word_1_139' title='bbox 1460 1463 1570 1509; x_wconf 86' lang='lat' dir='ltr'><strong>vitia</strong></span> <span class='ocrx_word' id='word_1_140' title='bbox 1611 1462 1703 1508; x_wconf 87' lang='lat' dir='ltr'><strong>sint</strong></span> <span class='ocrx_word' id='word_1_141' title='bbox 1743 1461 1981 1508; x_wconf 88' lang='lat' dir='ltr'><strong>imitanda.</strong></span> 
     </span>
     <span class='ocr_line' id='line_1_18' title="bbox 293 1534 1983 1600; baseline -0.002 -14"><span class='ocrx_word' id='word_1_142' title='bbox 293 1546 342 1586; x_wconf 87' lang='lat' dir='ltr'><strong>ll</strong></span> <span class='ocrx_word' id='word_1_143' title='bbox 374 1539 568 1594; x_wconf 89' lang='lat' dir='ltr'><strong>Deinde,</strong></span> <span class='ocrx_word' id='word_1_144' title='bbox 595 1539 633 1586; x_wconf 89' lang='lat' dir='ltr'><strong>si</strong></span> <span class='ocrx_word' id='word_1_145' title='bbox 667 1545 836 1585; x_wconf 87' lang='lat' dir='ltr'><strong>natura</strong></span> <span class='ocrx_word' id='word_1_146' title='bbox 872 1555 964 1584; x_wconf 88' lang='lat' dir='ltr'><strong>non</strong></span> <span class='ocrx_word' id='word_1_147' title='bbox 1000 1539 1134 1593; x_wconf 85' lang='lat' dir='ltr'><strong>feret,</strong></span> <span class='ocrx_word' id='word_1_148' title='bbox 1161 1544 1214 1584; x_wconf 89' lang='lat' dir='ltr'><strong>ut</strong></span> <span class='ocrx_word' id='word_1_149' title='bbox 1238 1538 1459 1600; x_wconf 71' lang='lat' dir='ltr'><strong>quaedam</strong></span> <span class='ocrx_word' id='word_1_150' title='bbox 1491 1536 1660 1584; x_wconf 90' lang='lat' dir='ltr'><strong>imitari</strong></span> <span class='ocrx_word' id='word_1_151' title='bbox 1695 1536 1869 1600; x_wconf 85' lang='lat' dir='ltr'><strong>possit;</strong></span> <span class='ocrx_word' id='word_1_152' title='bbox 1908 1534 1983 1599; x_wconf 86' lang='lat' dir='ltr'><strong>(ut</strong></span> 
     </span>
     <span class='ocr_line' id='line_1_19' title="bbox 372 1610 1982 1678; baseline -0.003 -17"><span class='ocrx_word' id='word_1_153' title='bbox 372 1614 623 1678; x_wconf 85' lang='lat' dir='ltr'><strong>superioris</strong></span> <span class='ocrx_word' id='word_1_154' title='bbox 651 1614 861 1661; x_wconf 86' lang='lat' dir='ltr'><strong>Africani</strong></span> <span class='ocrx_word' id='word_1_155' title='bbox 898 1613 1033 1668; x_wconf 76' lang='lat' dir='ltr'><strong>filius,</strong></span> <span class='ocrx_word' id='word_1_156' title='bbox 1061 1614 1141 1676; x_wconf 87' lang='lat' dir='ltr'><strong>qui</strong></span> <span class='ocrx_word' id='word_1_157' title='bbox 1177 1614 1302 1660; x_wconf 87' lang='lat' dir='ltr'><strong>hunc</strong></span> <span class='ocrx_word' id='word_1_158' title='bbox 1328 1614 1498 1660; x_wconf 85' lang='lat' dir='ltr'><strong>Paullo</strong></span> <span class='ocrx_word' id='word_1_159' title='bbox 1531 1618 1697 1658; x_wconf 88' lang='lat' dir='ltr'><strong>natum</strong></span> <span class='ocrx_word' id='word_1_160' title='bbox 1723 1610 1982 1674; x_wconf 86' lang='lat' dir='ltr'><strong>adoptavit,</strong></span> 
     </span>
     <span class='ocr_line' id='line_1_20' title="bbox 374 1686 1984 1753; baseline -0.002 -17"><span class='ocrx_word' id='word_1_161' title='bbox 374 1695 568 1753; x_wconf 88' lang='lat' dir='ltr'><strong>propter</strong></span> <span class='ocrx_word' id='word_1_162' title='bbox 591 1689 906 1736; x_wconf 85' lang='lat' dir='ltr'><strong>infirmitatem</strong></span> <span class='ocrx_word' id='word_1_163' title='bbox 933 1688 1213 1734; x_wconf 84' lang='lat' dir='ltr'><strong>valetudinis</strong></span> <span class='ocrx_word' id='word_1_164' title='bbox 1238 1705 1330 1734; x_wconf 90' lang='lat' dir='ltr'><strong>non</strong></span> <span class='ocrx_word' id='word_1_165' title='bbox 1354 1694 1451 1734; x_wconf 85' lang='lat' dir='ltr'><strong>tam</strong></span> <span class='ocrx_word' id='word_1_166' title='bbox 1477 1687 1631 1750; x_wconf 89' lang='lat' dir='ltr'><strong>potuit</strong></span> <span class='ocrx_word' id='word_1_167' title='bbox 1655 1686 1801 1750; x_wconf 87' lang='lat' dir='ltr'><strong>patris</strong></span> <span class='ocrx_word' id='word_1_168' title='bbox 1827 1686 1984 1732; x_wconf 83' lang='lat' dir='ltr'><strong>similis</strong></span> 
     </span>
     <span class='ocr_line' id='line_1_21' title="bbox 295 1762 1984 1828; baseline -0.002 -17"><span class='ocrx_word' id='word_1_169' title='bbox 295 1771 345 1811; x_wconf 78' lang='lat'><strong>12</strong></span> <span class='ocrx_word' id='word_1_170' title='bbox 374 1780 490 1820; x_wconf 84' lang='lat' dir='ltr'><strong>esse,</strong></span> <span class='ocrx_word' id='word_1_171' title='bbox 518 1781 661 1828; x_wconf 89' lang='lat' dir='ltr'><strong>quam</strong></span> <span class='ocrx_word' id='word_1_172' title='bbox 699 1765 775 1811; x_wconf 92' lang='lat' dir='ltr'><strong>ille</strong></span> <span class='ocrx_word' id='word_1_173' title='bbox 813 1765 968 1810; x_wconf 81' lang='lat' dir='ltr'><strong>fuerat</strong></span> <span class='ocrx_word' id='word_1_174' title='bbox 1004 1762 1094 1827; x_wconf 90' lang='lat' dir='ltr'><strong>sui)</strong></span> <span class='ocrx_word' id='word_1_175' title='bbox 1131 1763 1167 1809; x_wconf 86' lang='lat' dir='ltr'><strong>si</strong></span> <span class='ocrx_word' id='word_1_176' title='bbox 1202 1763 1346 1827; x_wconf 74' lang='lat' dir='ltr'><strong>igitur</strong></span> <span class='ocrx_word' id='word_1_177' title='bbox 1377 1780 1470 1809; x_wconf 88' lang='lat' dir='ltr'><strong>non</strong></span> <span class='ocrx_word' id='word_1_178' title='bbox 1503 1763 1674 1826; x_wconf 90' lang='lat' dir='ltr'><strong>poterit</strong></span> <span class='ocrx_word' id='word_1_179' title='bbox 1698 1762 1793 1808; x_wconf 90' lang='lat' dir='ltr'><strong>sive</strong></span> <span class='ocrx_word' id='word_1_180' title='bbox 1819 1776 1984 1808; x_wconf 83' lang='lat' dir='ltr'><strong>causas</strong></span> 
     </span>
     <span class='ocr_line' id='line_1_22' title="bbox 376 1836 1984 1902; baseline -0.002 -16"><span class='ocrx_word' id='word_1_181' title='bbox 376 1840 671 1894; x_wconf 85' lang='lat' dir='ltr'><strong>defensitare,</strong></span> <span class='ocrx_word' id='word_1_182' title='bbox 698 1839 795 1886; x_wconf 85' lang='lat' dir='ltr'><strong>sive</strong></span> <span class='ocrx_word' id='word_1_183' title='bbox 832 1839 1062 1902; x_wconf 87' lang='lat' dir='ltr'><strong>populum</strong></span> <span class='ocrx_word' id='word_1_184' title='bbox 1100 1839 1398 1885; x_wconf 78' lang='lat' dir='ltr'><strong>concionibus</strong></span> <span class='ocrx_word' id='word_1_185' title='bbox 1434 1844 1608 1892; x_wconf 84' lang='lat' dir='ltr'><strong>tenere,</strong></span> <span class='ocrx_word' id='word_1_186' title='bbox 1635 1837 1729 1884; x_wconf 90' lang='lat' dir='ltr'><strong>sive</strong></span> <span class='ocrx_word' id='word_1_187' title='bbox 1754 1836 1880 1884; x_wconf 89' lang='lat' dir='ltr'><strong>bella</strong></span> <span class='ocrx_word' id='word_1_188' title='bbox 1904 1852 1984 1900; x_wconf 83' lang='lat' dir='ltr'><strong>ge-</strong></span> 
     </span>
     <span class='ocr_line' id='line_1_23' title="bbox 374 1912 1984 1976; baseline -0.002 -15"><span class='ocrx_word' id='word_1_189' title='bbox 374 1930 500 1961; x_wconf 87' lang='lat' dir='ltr'><strong>rere:</strong></span> <span class='ocrx_word' id='word_1_190' title='bbox 537 1915 614 1961; x_wconf 76' lang='lat' dir='ltr'><strong>illa</strong></span> <span class='ocrx_word' id='word_1_191' title='bbox 647 1920 806 1961; x_wconf 87' lang='lat' dir='ltr'><strong>tamen</strong></span> <span class='ocrx_word' id='word_1_192' title='bbox 842 1919 1068 1976; x_wconf 80' lang='lat' dir='ltr'><strong>praestare</strong></span> <span class='ocrx_word' id='word_1_193' title='bbox 1105 1913 1311 1968; x_wconf 86' lang='lat' dir='ltr'><strong>debebit,</strong></span> <span class='ocrx_word' id='word_1_194' title='bbox 1339 1929 1446 1975; x_wconf 81' lang='lat' dir='ltr'><strong>quae</strong></span> <span class='ocrx_word' id='word_1_195' title='bbox 1479 1918 1616 1959; x_wconf 89' lang='lat' dir='ltr'><strong>erunt</strong></span> <span class='ocrx_word' id='word_1_196' title='bbox 1650 1912 1696 1958; x_wconf 92' lang='lat' dir='ltr'><strong>in</strong></span> <span class='ocrx_word' id='word_1_197' title='bbox 1730 1912 1876 1975; x_wconf 89' lang='lat' dir='ltr'><strong>ipsius</strong></span> <span class='ocrx_word' id='word_1_198' title='bbox 1901 1927 1984 1974; x_wconf 91' lang='lat' dir='ltr'><strong>po-</strong></span> 
     </span>
     <span class='ocr_line' id='line_1_24' title="bbox 374 1987 1983 2053; baseline -0.002 -17"><span class='ocrx_word' id='word_1_199' title='bbox 374 1995 559 2045; x_wconf 84' lang='lat' dir='ltr'><strong>testate,</strong></span> <span class='ocrx_word' id='word_1_200' title='bbox 582 1989 828 2053; x_wconf 89' lang='lat' dir='ltr'><strong>justitiam,</strong></span> <span class='ocrx_word' id='word_1_201' title='bbox 849 1988 1007 2043; x_wconf 90' lang='lat' dir='ltr'><strong>fidem,</strong></span> <span class='ocrx_word' id='word_1_202' title='bbox 1034 1989 1375 2042; x_wconf 83' lang='lat' dir='ltr'><strong>liberalitatem,</strong></span> <span class='ocrx_word' id='word_1_203' title='bbox 1397 1987 1692 2042; x_wconf 87' lang='lat' dir='ltr'><strong>modestiam,</strong></span> <span class='ocrx_word' id='word_1_204' title='bbox 1718 1993 1983 2049; x_wconf 87' lang='lat' dir='ltr'><strong>temperan-</strong></span> 
     </span>
     <span class='ocr_line' id='line_1_25' title="bbox 298 2061 1984 2128; baseline -0.003 -16"><span class='ocrx_word' id='word_1_205' title='bbox 298 2072 348 2112; x_wconf 82' lang='lat'><strong>13</strong></span> <span class='ocrx_word' id='word_1_206' title='bbox 376 2066 503 2121; x_wconf 88' lang='lat' dir='ltr'><strong>tiam,</strong></span> <span class='ocrx_word' id='word_1_207' title='bbox 529 2081 624 2128; x_wconf 90' lang='lat' dir='ltr'><strong>quo</strong></span> <span class='ocrx_word' id='word_1_208' title='bbox 659 2065 814 2111; x_wconf 91' lang='lat' dir='ltr'><strong>minus</strong></span> <span class='ocrx_word' id='word_1_209' title='bbox 849 2065 910 2111; x_wconf 88' lang='lat' dir='ltr'><strong>ab</strong></span> <span class='ocrx_word' id='word_1_210' title='bbox 947 2080 1002 2110; x_wconf 87' lang='lat' dir='ltr'><strong>eo</strong></span> <span class='ocrx_word' id='word_1_211' title='bbox 1039 2064 1101 2118; x_wconf 86' lang='lat' dir='ltr'><strong>id,</strong></span> <span class='ocrx_word' id='word_1_212' title='bbox 1129 2064 1256 2126; x_wconf 90' lang='lat' dir='ltr'><strong>quod</strong></span> <span class='ocrx_word' id='word_1_213' title='bbox 1283 2063 1416 2118; x_wconf 88' lang='lat' dir='ltr'><strong>desit,</strong></span> <span class='ocrx_word' id='word_1_214' title='bbox 1444 2063 1721 2126; x_wconf 90' lang='lat' dir='ltr'><strong>requiratur.</strong></span> <span class='ocrx_word' id='word_1_215' title='bbox 1792 2061 1984 2125; x_wconf 89' lang='lat' dir='ltr'><strong>Optima</strong></span> 
     </span>
     <span class='ocr_line' id='line_1_26' title="bbox 375 2137 1980 2201; baseline -0.003 -14"><span class='ocrx_word' id='word_1_216' title='bbox 375 2147 535 2187; x_wconf 84' lang='lat' dir='ltr'><strong>autem</strong></span> <span class='ocrx_word' id='word_1_217' title='bbox 559 2140 795 2186; x_wconf 88' lang='lat' dir='ltr'><strong>hereditas</strong></span> <span class='ocrx_word' id='word_1_218' title='bbox 820 2155 848 2185; x_wconf 90' lang='lat' dir='ltr'><strong>a</strong></span> <span class='ocrx_word' id='word_1_219' title='bbox 872 2139 1084 2201; x_wconf 86' lang='lat' dir='ltr'><strong>patribus</strong></span> <span class='ocrx_word' id='word_1_220' title='bbox 1108 2139 1310 2184; x_wconf 88' lang='lat' dir='ltr'><strong>traditur</strong></span> <span class='ocrx_word' id='word_1_221' title='bbox 1333 2137 1503 2193; x_wconf 90' lang='lat' dir='ltr'><strong>liberis,</strong></span> <span class='ocrx_word' id='word_1_222' title='bbox 1526 2137 1742 2200; x_wconf 90' lang='lat' dir='ltr'><strong>omnique</strong></span> <span class='ocrx_word' id='word_1_223' title='bbox 1763 2137 1980 2199; x_wconf 89' lang='lat' dir='ltr'><strong>patrimo-</strong></span> 
     </span>
     <span class='ocr_line' id='line_1_27' title="bbox 377 2211 1964 2278; baseline -0.003 -17"><span class='ocrx_word' id='word_1_224' title='bbox 377 2216 451 2261; x_wconf 88' lang='lat' dir='ltr'><strong>nio</strong></span> <span class='ocrx_word' id='word_1_225' title='bbox 487 2214 798 2278; x_wconf 86' lang='lat' dir='ltr'><strong>praestantior,</strong></span> <span class='ocrx_word' id='word_1_226' title='bbox 836 2213 985 2277; x_wconf 86' lang='lat' dir='ltr'><strong>gloria</strong></span> <span class='ocrx_word' id='word_1_227' title='bbox 1008 2213 1192 2260; x_wconf 84' lang='lat' dir='ltr'><strong>virtutis</strong></span> <span class='ocrx_word' id='word_1_228' title='bbox 1218 2228 1469 2275; x_wconf 85' lang='lat' dir='ltr'><strong>rerumque</strong></span> <span class='ocrx_word' id='word_1_229' title='bbox 1494 2219 1735 2275; x_wconf 82' lang='lat' dir='ltr'><strong>gestarum</strong></span> <span class='ocrx_word' id='word_1_230' title='bbox 1758 2227 1766 2257; x_wconf 90' lang='lat'>:</span> <span class='ocrx_word' id='word_1_231' title='bbox 1805 2211 1878 2257; x_wconf 90' lang='lat' dir='ltr'><strong>cui</strong></span> <span class='ocrx_word' id='word_1_232' title='bbox 1905 2211 1964 2257; x_wconf 91' lang='lat' dir='ltr'><strong>de</strong></span> 
     </span>
     <span class='ocr_line' id='line_1_28' title="bbox 379 2288 1555 2351; baseline -0.003 -15"><span class='ocrx_word' id='word_1_233' title='bbox 379 2290 535 2337; x_wconf 87' lang='lat' dir='ltr'><strong>decori</strong></span> <span class='ocrx_word' id='word_1_234' title='bbox 559 2305 674 2344; x_wconf 91' lang='lat' dir='ltr'><strong>esse,</strong></span> <span class='ocrx_word' id='word_1_235' title='bbox 700 2289 831 2335; x_wconf 88' lang='lat' dir='ltr'><strong>nefas</strong></span> <span class='ocrx_word' id='word_1_236' title='bbox 857 2294 905 2334; x_wconf 91' lang='lat' dir='ltr'><strong>et</strong></span> <span class='ocrx_word' id='word_1_237' title='bbox 928 2288 1123 2351; x_wconf 90' lang='lat' dir='ltr'><strong>impium</strong></span> <span class='ocrx_word' id='word_1_238' title='bbox 1145 2288 1457 2351; x_wconf 88' lang='lat' dir='ltr'><strong>judicandum</strong></span> <span class='ocrx_word' id='word_1_239' title='bbox 1483 2293 1555 2333; x_wconf 90' lang='lat' dir='ltr'><strong>est</strong></span> 
     </span>
    </p>
   </div>
   <div class='ocr_carea' id='block_1_3' title="bbox 327 2437 1984 3102">
    <p class='ocr_par' dir='ltr' id='par_1_3' title="bbox 378 2437 1983 2576">
     <span class='ocr_line' id='line_1_29' title="bbox 444 2437 1983 2502; baseline -0.003 -16"><span class='ocrx_word' id='word_1_240' title='bbox 444 2440 668 2487; x_wconf 89' lang='lat' dir='ltr'>XXXIV.</span> <span class='ocrx_word' id='word_1_241' title='bbox 694 2440 757 2486; x_wconf 89' lang='lat' dir='ltr'><strong>Et</strong></span> <span class='ocrx_word' id='word_1_242' title='bbox 781 2438 1001 2502; x_wconf 85' lang='lat' dir='ltr'><strong>quoniam</strong></span> <span class='ocrx_word' id='word_1_243' title='bbox 1028 2438 1177 2485; x_wconf 89' lang='lat' dir='ltr'><strong>officia</strong></span> <span class='ocrx_word' id='word_1_244' title='bbox 1201 2455 1293 2484; x_wconf 89' lang='lat' dir='ltr'><strong>non</strong></span> <span class='ocrx_word' id='word_1_245' title='bbox 1318 2437 1484 2485; x_wconf 87' lang='lat' dir='ltr'><strong>eadem</strong></span> <span class='ocrx_word' id='word_1_246' title='bbox 1509 2437 1773 2500; x_wconf 87' lang='lat' dir='ltr'><strong>disparibus</strong></span> <span class='ocrx_word' id='word_1_247' title='bbox 1798 2437 1983 2482; x_wconf 77' lang='lat' dir='ltr'><strong>aetati·</strong></span> 
     </span>
     <span class='ocr_line' id='line_1_30' title="bbox 378 2509 1982 2576; baseline -0.004 -14"><span class='ocrx_word' id='word_1_248' title='bbox 378 2517 483 2562; x_wconf 92' lang='lat' dir='ltr'><strong>bus</strong></span> <span class='ocrx_word' id='word_1_249' title='bbox 508 2516 791 2568; x_wconf 87' lang='lat' dir='ltr'><strong>tribuuntur,</strong></span> <span class='ocrx_word' id='word_1_250' title='bbox 813 2514 995 2576; x_wconf 89' lang='lat' dir='ltr'><strong>aliaque</strong></span> <span class='ocrx_word' id='word_1_251' title='bbox 1020 2519 1130 2560; x_wconf 88' lang='lat' dir='ltr'><strong>sunt</strong></span> <span class='ocrx_word' id='word_1_252' title='bbox 1149 2513 1392 2576; x_wconf 87' lang='lat' dir='ltr'><strong>juvenum,</strong></span> <span class='ocrx_word' id='word_1_253' title='bbox 1413 2512 1502 2558; x_wconf 88' lang='lat' dir='ltr'><strong>alia</strong></span> <span class='ocrx_word' id='word_1_254' title='bbox 1520 2512 1779 2558; x_wconf 88' lang='lat' dir='ltr'><strong>seniorum:</strong></span> <span class='ocrx_word' id='word_1_255' title='bbox 1810 2509 1982 2573; x_wconf 51' lang='lat' dir='ltr'><strong>aliquid</strong></span> 
     </span>
    </p>

    <p class='ocr_par' dir='ltr' id='par_1_4' title="bbox 327 2585 1984 3102">
     <span class='ocr_line' id='line_1_31' title="bbox 327 2585 1982 2650; baseline -0.004 -13"><span class='ocrx_word' id='word_1_256' title='bbox 327 2597 353 2637; x_wconf 75' lang='lat'>2</span> <span class='ocrx_word' id='word_1_257' title='bbox 381 2590 520 2637; x_wconf 89' lang='lat' dir='ltr'><strong>etiam</strong></span> <span class='ocrx_word' id='word_1_258' title='bbox 540 2590 599 2636; x_wconf 92' lang='lat' dir='ltr'><strong>de</strong></span> <span class='ocrx_word' id='word_1_259' title='bbox 617 2591 706 2636; x_wconf 86' lang='lat' dir='ltr'><strong>hac</strong></span> <span class='ocrx_word' id='word_1_260' title='bbox 726 2589 1021 2635; x_wconf 88' lang='lat' dir='ltr'><strong>distinctione</strong></span> <span class='ocrx_word' id='word_1_261' title='bbox 1040 2588 1292 2635; x_wconf 91' lang='lat' dir='ltr'><strong>dicendum</strong></span> <span class='ocrx_word' id='word_1_262' title='bbox 1313 2593 1398 2634; x_wconf 89' lang='lat' dir='ltr'><strong>est.</strong></span> <span class='ocrx_word' id='word_1_263' title='bbox 1446 2587 1533 2633; x_wconf 86' lang='lat' dir='ltr'><strong>Est</strong></span> <span class='ocrx_word' id='word_1_264' title='bbox 1557 2586 1698 2650; x_wconf 82' lang='lat' dir='ltr'><strong>igitur</strong></span> <span class='ocrx_word' id='word_1_265' title='bbox 1717 2585 1982 2632; x_wconf 83' lang='lat' dir='ltr'><strong>adolescen-</strong></span> 
     </span>
     <span class='ocr_line' id='line_1_32' title="bbox 383 2660 1984 2727; baseline -0.004 -16"><span class='ocrx_word' id='word_1_266' title='bbox 383 2666 452 2720; x_wconf 92' lang='lat' dir='ltr'><strong>tis,</strong></span> <span class='ocrx_word' id='word_1_267' title='bbox 477 2664 678 2727; x_wconf 86' lang='lat' dir='ltr'><strong>majores</strong></span> <span class='ocrx_word' id='word_1_268' title='bbox 712 2669 829 2709; x_wconf 87' lang='lat' dir='ltr'><strong>natu</strong></span> <span class='ocrx_word' id='word_1_269' title='bbox 851 2663 1011 2718; x_wconf 87' lang='lat' dir='ltr'><strong>vereri,</strong></span> <span class='ocrx_word' id='word_1_270' title='bbox 1039 2679 1189 2725; x_wconf 80' lang='lat' dir='ltr'><strong>exque</strong></span> <span class='ocrx_word' id='word_1_271' title='bbox 1224 2662 1296 2709; x_wconf 89' lang='lat' dir='ltr'><strong>his</strong></span> <span class='ocrx_word' id='word_1_272' title='bbox 1321 2662 1529 2724; x_wconf 82' lang='lat' dir='ltr'><strong>deligere</strong></span> <span class='ocrx_word' id='word_1_273' title='bbox 1561 2660 1764 2724; x_wconf 89' lang='lat' dir='ltr'><strong>optimos</strong></span> <span class='ocrx_word' id='word_1_274' title='bbox 1796 2666 1844 2706; x_wconf 92' lang='lat' dir='ltr'><strong>et</strong></span> <span class='ocrx_word' id='word_1_275' title='bbox 1878 2676 1984 2723; x_wconf 90' lang='lat' dir='ltr'><strong>pro-</strong></span> 
     </span>
     <span class='ocr_line' id='line_1_33' title="bbox 380 2736 1984 2801; baseline -0.003 -16"><span class='ocrx_word' id='word_1_276' title='bbox 380 2739 657 2792; x_wconf 88' lang='lat' dir='ltr'><strong>batissimos,</strong></span> <span class='ocrx_word' id='word_1_277' title='bbox 681 2755 881 2801; x_wconf 89' lang='lat' dir='ltr'><strong>quorum</strong></span> <span class='ocrx_word' id='word_1_278' title='bbox 902 2738 1092 2784; x_wconf 88' lang='lat' dir='ltr'><strong>consilio</strong></span> <span class='ocrx_word' id='word_1_279' title='bbox 1113 2743 1254 2800; x_wconf 90' lang='lat' dir='ltr'><strong>atque</strong></span> <span class='ocrx_word' id='word_1_280' title='bbox 1273 2736 1552 2783; x_wconf 86' lang='lat' dir='ltr'><strong>auctoritate</strong></span> <span class='ocrx_word' id='word_1_281' title='bbox 1575 2736 1765 2782; x_wconf 85' lang='lat' dir='ltr'><strong>nitatur.</strong></span> <span class='ocrx_word' id='word_1_282' title='bbox 1814 2736 1984 2781; x_wconf 86' lang='lat' dir='ltr'><strong>Ineun-</strong></span> 
     </span>
     <span class='ocr_line' id='line_1_34' title="bbox 381 2809 1984 2873; baseline -0.004 -13"><span class='ocrx_word' id='word_1_283' title='bbox 381 2814 440 2862; x_wconf 85' lang='lat' dir='ltr'><strong>tis</strong></span> <span class='ocrx_word' id='word_1_284' title='bbox 465 2813 588 2860; x_wconf 87' lang='lat' dir='ltr'><strong>enim</strong></span> <span class='ocrx_word' id='word_1_285' title='bbox 613 2813 763 2859; x_wconf 82' lang='lat' dir='ltr'><strong>aetatis</strong></span> <span class='ocrx_word' id='word_1_286' title='bbox 787 2813 968 2859; x_wconf 85' lang='lat' dir='ltr'><strong>inscitia</strong></span> <span class='ocrx_word' id='word_1_287' title='bbox 1001 2828 1166 2859; x_wconf 86' lang='lat' dir='ltr'><strong>senum</strong></span> <span class='ocrx_word' id='word_1_288' title='bbox 1200 2811 1527 2858; x_wconf 89' lang='lat' dir='ltr'><strong>constituenda</strong></span> <span class='ocrx_word' id='word_1_289' title='bbox 1563 2816 1611 2857; x_wconf 89' lang='lat' dir='ltr'><strong>et</strong></span> <span class='ocrx_word' id='word_1_290' title='bbox 1643 2809 1852 2873; x_wconf 82' lang='lat' dir='ltr'><strong>regenda</strong></span> <span class='ocrx_word' id='word_1_291' title='bbox 1875 2825 1984 2872; x_wconf 90' lang='lat' dir='ltr'><strong>pru-</strong></span> 
     </span>
     <span class='ocr_line' id='line_1_35' title="bbox 330 2883 1984 2936; baseline -0.003 -1"><span class='ocrx_word' id='word_1_292' title='bbox 330 2896 356 2936; x_wconf 83' lang='lat'><strong>3</strong></span> <span class='ocrx_word' id='word_1_293' title='bbox 385 2888 542 2935; x_wconf 88' lang='lat' dir='ltr'><strong>dentia</strong></span> <span class='ocrx_word' id='word_1_294' title='bbox 579 2892 664 2934; x_wconf 89' lang='lat' dir='ltr'><strong>est.</strong></span> <span class='ocrx_word' id='word_1_295' title='bbox 734 2887 938 2933; x_wconf 81' lang='lat' dir='ltr'><strong>Maxime</strong></span> <span class='ocrx_word' id='word_1_296' title='bbox 974 2893 1133 2933; x_wconf 87' lang='lat' dir='ltr'><strong>autem</strong></span> <span class='ocrx_word' id='word_1_297' title='bbox 1168 2887 1271 2933; x_wconf 83' lang='lat' dir='ltr'><strong>haec</strong></span> <span class='ocrx_word' id='word_1_298' title='bbox 1305 2892 1418 2932; x_wconf 80' lang='lat' dir='ltr'><strong>aetas</strong></span> <span class='ocrx_word' id='word_1_299' title='bbox 1443 2902 1471 2932; x_wconf 89' lang='lat' dir='ltr'><strong>a</strong></span> <span class='ocrx_word' id='word_1_300' title='bbox 1493 2885 1761 2932; x_wconf 88' lang='lat' dir='ltr'><strong>libidinibus</strong></span> <span class='ocrx_word' id='word_1_301' title='bbox 1785 2883 1984 2930; x_wconf 84' lang='lat' dir='ltr'><strong>arcenda</strong></span> 
     </span>
     <span class='ocr_line' id='line_1_36' title="bbox 383 2958 1984 3024; baseline -0.005 -14"><span class='ocrx_word' id='word_1_302' title='bbox 383 2968 469 3018; x_wconf 87' lang='lat' dir='ltr'><strong>est,</strong></span> <span class='ocrx_word' id='word_1_303' title='bbox 507 2961 862 3024; x_wconf 87' lang='lat' dir='ltr'><strong>exercendaque</strong></span> <span class='ocrx_word' id='word_1_304' title='bbox 899 2962 945 3008; x_wconf 87' lang='lat' dir='ltr'><strong>in</strong></span> <span class='ocrx_word' id='word_1_305' title='bbox 986 2962 1146 3008; x_wconf 88' lang='lat' dir='ltr'><strong>labore</strong></span> <span class='ocrx_word' id='word_1_306' title='bbox 1187 2961 1504 3023; x_wconf 86' lang='lat' dir='ltr'><strong>patientiaque</strong></span> <span class='ocrx_word' id='word_1_307' title='bbox 1541 2965 1588 3006; x_wconf 91' lang='lat' dir='ltr'><strong>et</strong></span> <span class='ocrx_word' id='word_1_308' title='bbox 1628 2958 1768 3004; x_wconf 88' lang='lat' dir='ltr'><strong>animi</strong></span> <span class='ocrx_word' id='word_1_309' title='bbox 1803 2963 1850 3003; x_wconf 90' lang='lat' dir='ltr'><strong>et</strong></span> <span class='ocrx_word' id='word_1_310' title='bbox 1885 2973 1984 3003; x_wconf 90' lang='lat' dir='ltr'><strong>cor·</strong></span> 
     </span>
     <span class='ocr_line' id='line_1_37' title="bbox 383 3033 1980 3102; baseline -0.005 -17"><span class='ocrx_word' id='word_1_311' title='bbox 383 3038 509 3102; x_wconf 81' lang='lat' dir='ltr'><strong>poris</strong></span> <span class='ocrx_word' id='word_1_312' title='bbox 528 3054 539 3094; x_wconf 89' lang='lat'>;</span> <span class='ocrx_word' id='word_1_313' title='bbox 574 3044 628 3086; x_wconf 88' lang='lat' dir='ltr'><strong>ut</strong></span> <span class='ocrx_word' id='word_1_314' title='bbox 663 3054 824 3085; x_wconf 88' lang='lat' dir='ltr'><strong>eorum</strong></span> <span class='ocrx_word' id='word_1_315' title='bbox 860 3043 907 3084; x_wconf 92' lang='lat' dir='ltr'><strong>et</strong></span> <span class='ocrx_word' id='word_1_316' title='bbox 947 3037 992 3083; x_wconf 87' lang='lat' dir='ltr'><strong>in</strong></span> <span class='ocrx_word' id='word_1_317' title='bbox 1033 3037 1208 3084; x_wconf 85' lang='lat' dir='ltr'><strong>bellicis</strong></span> <span class='ocrx_word' id='word_1_318' title='bbox 1241 3043 1287 3082; x_wconf 91' lang='lat' dir='ltr'><strong>et</strong></span> <span class='ocrx_word' id='word_1_319' title='bbox 1322 3037 1367 3082; x_wconf 88' lang='lat' dir='ltr'><strong>in</strong></span> <span class='ocrx_word' id='word_1_320' title='bbox 1407 3036 1614 3083; x_wconf 79' lang='lat' dir='ltr'><strong>civilibus</strong></span> <span class='ocrx_word' id='word_1_321' title='bbox 1649 3033 1807 3080; x_wconf 88' lang='lat' dir='ltr'><strong>officiis</strong></span> <span class='ocrx_word' id='word_1_322' title='bbox 1831 3033 1980 3096; x_wconf 78' lang='lat' dir='ltr'><strong>vigeat</strong></span> 
     </span>
    </p>
   </div>
  </div>
 </body>
</html>
