2054 3470
620 269 762 298 mena
789 269 839 299 11.
913 269 1021 299 CAP.
1050 268 1184 298 xxm.
1689 256 1749 297 83

56 379 181 425 ranni
219 377 486 432 existerent,
527 383 575 424 et
610 376 861 439 optimates
900 375 1336 430 exterminarentur,
1380 382 1428 420 et
1470 375 1663 436 praecla-

53 454 228 500 rissime
254 453 508 500 constituta
531 468 605 498 res
630 451 819 514 publica
842 450 1139 496 dilaberetur.
1201 450 1302 496 Nec
1328 465 1440 495 vero
1463 449 1567 510 ipsa
1591 464 1663 494 so·
1692 455 1716 495 Ξ

52 529 149 575 lum
187 528 368 583 cecidit,
395 527 479 573 sed
504 527 644 573 etiam
683 526 911 587 reliquam
950 525 1182 571 Graeciam
1218 524 1385 571 evertit
1423 523 1664 586 contagio-

52 604 188 650 nibus
226 604 473 657 malorum,
515 618 623 664 quae
667 617 694 646 a
740 600 1112 656 Lacedaemoniis
1150 600 1376 663 profectae
1416 603 1666 644 manarunt

54 678 203 724 latius.
274 677 439 733 Quid?
487 683 670 722 nostros
711 675 968 729 Gracchos,
1007 675 1072 721 Ti.
1115 675 1332 729 Gracchi,
1359 673 1533 720 summi
1567 673 1665 727 viri,
1692 677 1718 718 4

55 753 183 807 filios,
222 752 435 799 Africani
483 757 693 813 nepotes,
730 765 882 795 nonne
921 750 1119 813 agrariae
1155 749 1475 796 contentiones
1513 748 1666 810 perdi·

52 828 257 875 derunt?
309 828 380 873 At
406 843 517 873 vero
542 827 721 872 Aratus
748 824 993 888 Sicyonius
1027 824 1135 887 jure
1172 824 1410 878 laudatur,
1437 823 1531 886 qui,
1559 839 1666 868 cum
1694 829 1719 869 5

50 905 153 968 ejus
194 903 354 950 civitas
396 901 738 964 quinquaginta
773 915 919 946 annos
954 915 983 944 a
1017 900 1229 962 tyrannis
1269 905 1521 953 teneretur,
1561 914 1666 960 pro-

51 979 202 1026 fectus
227 978 374 1042 Argis
398 977 665 1039 Sicyonem,
694 975 986 1022 clandestino
1021 975 1213 1021 introitu
1236 975 1353 1021 urbe
1378 981 1450 1020 est
1474 973 1665 1036 potitus

53 1056 269 1117 Cumque
293 1059 546 1116 tyrannum
571 1051 810 1098 Nicoclem
848 1050 1102 1113 improviso
1127 1050 1451 1114 oppressisset,
1479 1063 1667 1095 sexcen-

54 1138 123 1175 tos
148 1129 323 1182 exules,
350 1127 430 1190 qui
452 1126 809 1189 locupletissimi
845 1126 1034 1171 fuerant
1072 1125 1174 1189 ejus
1210 1124 1423 1179 civitatiS,
1450 1112 1667 1177 restituit,

54 1219 244 1266 remque
270 1203 508 1266 publicam
532 1201 742 1247 adventu
766 1217 852 1247 suo
875 1201 1103 1247 liberavit.
1178 1200 1275 1246 Sed
1302 1216 1410 1246 cum
1445 1214 1668 1262 magnam
1695 1202 1722 1244 6

51 1278 443 1325 animadverteret
465 1276 513 1323 in
536 1276 670 1323 bonis
703 1282 751 1322 et
775 1275 1149 1339 possessionibus
1176 1275 1514 1329 difficultatem,
1541 1272 1669 1336 quod

53 1360 100 1400 et
124 1369 218 1408 eos,
244 1369 364 1416 quos
388 1352 490 1414 ipse
514 1351 800 1406 restituerat,
828 1366 1029 1413 quorum
1065 1351 1192 1397 bona
1230 1350 1307 1396 alii
1344 1349 1668 1412 possederant,

53 1445 191 1493 egere
215 1427 557 1490 iniquissimum
592 1442 694 1473 esse
730 1426 1063 1481 arbitrabatur,
1090 1432 1138 1471 et
1162 1425 1503 1488 quinquaginta
1527 1439 1664 1469 anno-

56 1520 157 1550 rum
181 1502 498 1566 possessiones
522 1516 710 1548 movere
735 1517 829 1547 non
851 1500 987 1546 nimis
1008 1517 1201 1562 aequum
1221 1501 1436 1563 putabat,
1455 1504 1669 1562 propter-

53 1594 108 1624 ea
126 1578 253 1641 quod
278 1584 376 1623 tam
399 1577 543 1640 longo
569 1576 722 1639 spatio
746 1577 894 1622 multa
920 1575 1276 1630 hereditatibus,
1294 1575 1446 1620 multa
1470 1573 1669 1637 emptio-

55 1654 202 1708 nibus,
229 1653 381 1699 multa
405 1652 597 1714 dotibus
633 1652 914 1698 tenebantur
952 1651 1050 1697 sine
1088 1651 1283 1714 injuria:
1317 1649 1563 1713 judicavit,
1590 1665 1670 1695 ne-

54 1745 144 1792 que
169 1729 257 1775 illis
282 1727 439 1782 adimi,
466 1743 619 1789 neque
643 1727 717 1773 his
752 1743 847 1773 non
882 1726 1110 1781 satisfieri,
1137 1742 1339 1788 quorum
1363 1725 1443 1771 illa
1466 1725 1668 1778 fuerant,

54 1810 285 1867 oportere.
347 1803 469 1849 Cum
493 1802 637 1866 igitur
660 1802 918 1856 statuisset,
939 1817 1059 1865 opus
1085 1817 1186 1847 esse
1211 1800 1272 1846 ad
1299 1816 1402 1846 eam
1425 1816 1524 1846 rem
1561 1815 1669 1846 con·
1699 1803 1719 1845 7

55 1878 341 1925 stituendam
382 1878 597 1941 pecunia,
641 1877 980 1923 Alexandriam
1023 1892 1072 1922 se
1116 1875 1347 1938 proficisci
1382 1875 1502 1921 velle
1538 1874 1670 1928 dixit,

54 1970 245 2016 remque
269 1955 501 2017 integram
520 1952 580 1998 ad
600 1952 803 1998 reditum
828 1967 966 1997 suum
987 1951 1129 2014 jussit
1154 1967 1255 1996 esse
1275 1965 1283 1996 :
1311 1950 1441 2012 isque
1462 1949 1673 1996 celeriter

55 2029 115 2075 ad
155 2028 486 2081 Ptolemaeum,
530 2043 670 2073 suum
710 2025 960 2088 hospitem,
998 2025 1137 2080 venit,
1174 2025 1253 2087 qui
1294 2031 1396 2070 tum
1436 2024 1672 2086 regnabat

56 2104 176 2149 alter
212 2108 321 2166 post
358 2101 700 2148 Alexandriam
734 2100 998 2147 conditam:
1036 2100 1110 2146 cui
1135 2117 1243 2146 cum
1270 2099 1564 2162 exposuisset
1589 2113 1670 2161 pa·
1698 2104 1726 2144 8

58 2180 193 2226 triam
217 2195 266 2225 se
289 2179 485 2225 liberare
509 2178 642 2232 velle,
670 2192 955 2239 causamque
980 2176 1232 2230 docuisset,
1261 2192 1287 2221 a
1311 2191 1423 2238 rege
1447 2173 1673 2237 opulento

63 2254 125 2301 vir
149 2269 360 2300 summus
384 2253 519 2299 facile
543 2252 828 2315 impetravit,
853 2257 907 2297 ut
930 2250 1099 2315 grandi
1124 2250 1324 2314 pecunia
1348 2250 1669 2313 adjuvaretur.

58 2330 210 2386 Quam
250 2345 359 2375 cum
397 2328 649 2390 Sicyonem
685 2327 937 2381 attulisset,
973 2326 1192 2372 adhibuit
1227 2325 1315 2372 sibi
1345 2324 1392 2370 in
1428 2324 1668 2371 consilium
1697 2328 1723 2369 9

57 2403 323 2466 quindecim
361 2403 610 2466 principes,
637 2419 746 2449 cum
772 2402 943 2464 quibus
983 2417 1150 2448 causas
1177 2400 1396 2465 cognovit
1421 2405 1469 2447 et
1493 2414 1670 2451 eorum,

58 2479 137 2541 qui
161 2479 312 2524 aliena
336 2479 573 2533 tenebant,
592 2483 640 2524 et
664 2493 842 2532 eorum,
861 2477 941 2539 qui
966 2493 1052 2523 sua
1076 2476 1355 2523 amiserant:
1383 2473 1673 2538 perfecitque

59 2553 345 2611 aestimandis
370 2553 758 2616 possessionibus,
786 2558 840 2598 ut
863 2551 1174 2615 persuaderet
1208 2551 1321 2605 aliis,
1347 2556 1402 2596 ut
1427 2549 1674 2612 pecuniam

59 2628 270 2691 accipere
308 2628 518 2683 mallent,
546 2627 921 2691 possessionibus
960 2627 1183 2673 cederent
1200 2634 1222 2673 ε’
1247 2625 1361 2680 aliis,
1386 2632 1442 2671 ut
1467 2638 1673 2671 commo·

61 2704 164 2749 dius
203 2708 438 2766 putarent,
465 2703 702 2749 numerari
737 2702 835 2758 sibi,
871 2702 1000 2765 quod
1037 2701 1156 2748 tanti
1193 2706 1330 2755 esset,
1357 2715 1499 2762 quam
1534 2713 1674 2744 suum

61 2793 352 2841 recuperare.
406 2778 482 2823 Ita
510 2778 772 2840 perfectum
794 2784 879 2832 est,
902 2783 955 2823 ut
975 2792 1135 2823 omnes
1156 2775 1403 2823 concordia
1422 2773 1674 2821 constituta

61 2852 156 2899 sine
182 2852 372 2915 querela
397 2851 704 2899 discederent.
777 2852 817 2898 O
834 2852 985 2898 virum
1004 2868 1243 2915 magnum,
1264 2850 1566 2913 dignumque,
1593 2845 1673 2908 qui
1702 2850 1758 2894 10

62 2925 104 2973 in
127 2942 177 2973 re
202 2926 390 2990 publica
415 2931 573 2972 nostra
597 2932 734 2972 natus
760 2933 883 2972 esset
905 2927 913 2973 !
956 2927 1032 2973 Sic
1059 2942 1145 2989 par
1169 2920 1240 2972 est
1264 2940 1406 2988 agere
1431 2939 1538 2969 cum
1564 2921 1671 2968 civi·

63 2999 164 3056 buS‚
183 3017 277 3047 non
302 2999 376 3065 (ut
399 3001 470 3048 bis
491 3001 591 3063 jam
615 2999 836 3065 vidimus)
862 3002 1048 3047 hastam
1074 3001 1120 3047 in
1144 3001 1245 3047 foro
1271 3013 1458 3062 ponere,
1477 3002 1524 3043 et
1547 2997 1672 3042 bona

65 3075 231 3123 civium
262 3075 363 3122 voci
397 3076 628 3138 subjicere
669 3076 913 3139 praeconis.
986 3076 1055 3120 At
1092 3075 1168 3120 ille
1206 3075 1420 3130 Graecus,
1459 3071 1505 3117 id
1541 3069 1669 3134 quod
