2054 3470
716 257 856 286 LIBER
881 257 912 287 1.
985 257 1092 287 CAP.
1123 257 1186 286 lx.
1742 246 1794 287 15

107 366 284 422 Quibus
325 367 466 413 rebus
508 365 729 411 effectum
771 370 856 419 est,
892 369 947 410 ut
995 364 1172 410 infinita
1219 364 1431 426 pecuniae
1474 364 1710 426 cupiditas

105 448 240 489 esset.
309 442 413 488 Nec
449 456 560 487 vero
595 440 660 487 rei
698 439 936 486 familiaris
972 439 1290 501 amplificatio,
1316 439 1486 485 nemini
1521 455 1707 493 nocens,
1738 443 1764 484 4

106 517 413 581 vituperanda
437 522 532 563 est:
570 515 653 562 sed
689 515 914 579 fugienda
938 530 1127 577 semper
1160 513 1327 577 injuria
1353 520 1438 562 est.
1509 513 1713 560 Maxime
1740 521 1765 561 5

103 599 262 639 autem
296 592 598 638 adducuntur
636 580 859 654 plerique,
896 596 951 636 ut
985 607 1065 637 eos
1100 589 1296 653 justitiae
1338 589 1494 652 capiat
1528 588 1711 644 oblivio,

104 683 212 715 cum
236 668 282 714 in
305 666 620 730 imperiorum,
642 667 886 720 honorum,
908 665 1071 729 gloriae
1098 664 1405 728 cupiditatem
1436 664 1711 710 inciderunt.

104 743 247 797 Quod
274 743 396 790 enim
420 748 492 788 est
517 741 645 806 apud
672 741 888 796 Ennium,
1741 744 1769 785 6

699 848 835 893 nulla
860 853 1016 892 sancta
1041 847 1239 901 societas,

637 939 711 969 nec
724 923 848 985 fides
871 923 999 983 refflzi
1023 929 1086 968 est
1101 938 1123 982 ;

105 1035 151 1082 id
176 1035 314 1082 latius
333 1039 481 1097 patet.
550 1034 676 1079 Nam
702 1032 924 1096 quicquid
949 1032 1181 1096 ejusmodi
1202 1038 1286 1087 est,
1306 1032 1351 1078 in
1376 1049 1469 1095 quo
1494 1049 1586 1079 non
1611 1047 1718 1096 pos-

105 1110 197 1156 sint
221 1110 381 1173 plures
407 1109 649 1163 excellere,
677 1108 724 1154 in
759 1124 815 1154 eo
853 1109 905 1154 fit
929 1109 1208 1171 plerumque
1233 1114 1365 1154 tanta
1391 1107 1640 1162 contentio,
1665 1113 1720 1154 ut

105 1185 425 1232 difficillimum
460 1183 518 1229 sit
553 1199 739 1230 servare
771 1190 985 1230 sanctam
1011 1183 1296 1230 societatem.
1367 1181 1637 1230 Declaravit
1670 1182 1719 1228 id
1747 1182 1773 1229 7

105 1260 247 1307 modo
272 1259 508 1306 temeritas
534 1258 587 1306 O.
617 1258 833 1314 Caesaris,
861 1258 941 1321 qui
966 1259 1120 1305 omnia
1141 1258 1250 1321 jura
1275 1257 1432 1304 divina
1464 1263 1607 1320 atque
1631 1257 1719 1303 hu-

106 1352 243 1381 mana
268 1334 494 1399 pervertit
518 1339 713 1397 propter
737 1349 860 1389 eum,
888 1349 1029 1397 quem
1055 1333 1141 1380 sibi
1179 1333 1280 1397 ipse
1306 1332 1534 1396 opinionis
1567 1348 1722 1379 errore

108 1412 316 1466 finxerat,
343 1409 670 1473 principatum.
741 1409 829 1456 Est
862 1415 1022 1455 autem
1048 1408 1094 1455 in
1117 1409 1208 1455 hoc
1244 1424 1417 1472 genere
1453 1408 1719 1462 molestum,
1749 1413 1776 1454 8

107 1486 232 1549 quod
258 1485 304 1532 in
328 1485 541 1531 maximis
577 1483 740 1530 animis
776 1483 1260 1547 splendidissimisque
1296 1483 1503 1547 ingeniis
1515 1483 1720 1546 plerum-

107 1578 198 1624 que
233 1562 439 1608 existunt
473 1559 677 1614 honoris,
718 1558 914 1623 imperii,
955 1559 1198 1622 potentiae,
1224 1559 1386 1623 gloriae
1425 1558 1721 1622 cupiditates.

109 1638 214 1693 Quo
238 1636 389 1700 magis
426 1635 691 1682 cavendum
724 1641 810 1691 est,
837 1650 895 1681 ne
931 1634 1046 1698 quid
1088 1634 1134 1681 in
1176 1650 1232 1681 eo
1273 1650 1446 1698 genere
1484 1639 1721 1697 peccetur.
1750 1638 1777 1680 9

108 1712 202 1758 Sed
226 1712 271 1758 in
308 1711 433 1758 omni
467 1710 695 1773 injustitia
732 1710 1022 1774 permultum
1056 1710 1265 1764 interest,
1291 1715 1451 1755 utrum
1477 1710 1723 1772 perturba-

107 1788 230 1834 tione
254 1787 409 1849 aliqua
433 1786 588 1841 animi,
615 1802 726 1848 quae
763 1786 1044 1849 plerumque
1080 1785 1234 1832 brevis
1260 1790 1332 1831 est
1358 1790 1405 1831 et
1431 1784 1491 1830 ad
1516 1789 1722 1847 tempus,

107 1880 165 1908 an
190 1863 405 1910 consulto
440 1868 488 1908 et
513 1861 722 1925 cogitata
756 1862 840 1907 fiat
873 1861 1054 1924 injuria.
1126 1860 1324 1907 Leviora
1360 1859 1480 1906 enim
1519 1865 1628 1905 sunt
1653 1875 1722 1913 ea,
1753 1863 1808 1905 10

107 1955 212 2001 quae
237 1937 481 2001 repentino
505 1937 660 1999 aliquo
684 1943 818 1982 motu
843 1936 1075 1989 accidunt,
1097 1951 1239 1997 quam
1266 1951 1334 1990 ea,
1356 1951 1464 1997 quae
1498 1934 1726 1980 meditata

108 2020 155 2060 et
193 2019 461 2076 praeparata
495 2012 771 2058 inferuntur.
843 2012 919 2057 Ac
956 2011 1014 2056 de
1051 2010 1292 2056 inferenda
1328 2010 1519 2072 quidem
1555 2010 1725 2073 injuria

108 2089 218 2135 satis
244 2088 423 2134 dictum
447 2093 533 2133 est.

176 2239 258 2286 IX.
295 2236 723 2285 Praetermittendae
759 2242 919 2283 autem
956 2235 1252 2291 defensionis,
1283 2235 1625 2298 deserendique
1655 2236 1722 2282 of-

111 2314 199 2361 ficii
236 2314 394 2378 plures
433 2312 586 2360 solent
632 2328 735 2359 esse
788 2328 957 2360 causae.
1045 2312 1171 2358 Nam
1213 2317 1297 2358 aut
1334 2311 1606 2366 inimicitias,
1643 2317 1727 2358 aut

109 2391 330 2444 laborem,
356 2394 440 2435 aut
463 2394 683 2452 sumptus
708 2387 947 2451 suscipere
982 2387 1174 2443 nolunt3
1212 2392 1295 2434 aut
1320 2386 1460 2434 etiam
1484 2386 1724 2451 negligen-

110 2466 187 2520 tia,
215 2464 412 2529 pigritia,
439 2464 631 2519 inertia;
668 2469 752 2510 aut
775 2463 872 2509 suis
897 2462 1064 2509 studiis
1101 2462 1386 2525 quibusdam
1410 2461 1725 2525 occupationi-

112 2542 257 2588 busve
283 2540 350 2586 sic
373 2539 707 2602 impediuntur,
732 2544 787 2585 ut
812 2554 906 2593 eos,
934 2554 1053 2601 quos
1085 2538 1230 2584 tutari
1265 2538 1485 2592 debeant,
1513 2537 1725 2584 desertos

111 2632 212 2662 csse
251 2615 503 2678 patiantur.
575 2614 744 2677 Itaque
785 2613 1045 2660 videndum
1081 2619 1167 2668 est,
1192 2629 1251 2660 ne
1286 2629 1380 2659 non
1417 2612 1529 2659 satis
1567 2612 1626 2658 sit
1660 2611 1724 2666 id,
1751 2616 1777 2656 2

111 2690 237 2754 quod
263 2689 392 2754 apud
415 2690 663 2736 Platonem
683 2695 753 2736 est
770 2689 817 2735 in
837 2688 1145 2752 philosophos
1171 2688 1376 2735 dictum:
1414 2687 1541 2750 quod
1560 2687 1606 2733 in
1629 2686 1726 2733 veri

112 2765 465 2829 investigatione
507 2770 762 2818 versentur,
801 2764 1025 2827 quodque
1072 2780 1140 2818 ea,
1182 2780 1289 2826 quae
1335 2764 1544 2826 plerique
1585 2762 1724 2808 vehe-

113 2846 292 2887 menter
323 2845 561 2903 expetant,
588 2839 648 2886 de
673 2840 843 2902 quibus
876 2838 997 2885 inter
1031 2855 1081 2885 se
1114 2839 1361 2903 digladiari
1394 2839 1586 2892 soleant,
1615 2853 1723 2882 con-

114 2920 325 2962 temnant
349 2920 397 2962 et
432 2930 520 2977 pro
553 2914 696 2961 nihilo
722 2920 906 2977 putent,
934 2920 1188 2977 propterea
1219 2914 1374 2977 justos
1410 2930 1525 2960 esse.
1598 2911 1723 2958 Nam
1749 2917 1777 2958 3

113 2990 312 3037 alterum
344 2990 541 3054 justitiae
578 3005 728 3053 genus
765 2994 1091 3051 assequuntur,
1120 2989 1166 3035 in
1196 2989 1438 3035 inferenda
1463 3004 1519 3034 ne
1545 2987 1620 3034 cui
1644 3003 1723 3034 no·
1750 2990 1777 3034 4

114 3070 248 3112 ceant
270 3065 465 3129 injuria3
501 3065 547 3111 in
571 3065 769 3110 alterum
796 3063 1032 3110 incidunt:
1070 3063 1280 3109 discendi
1315 3064 1436 3109 enim
1461 3063 1618 3109 studio
1641 3062 1725 3108 im·
