2054 3470
647 228 786 256 menn,
811 227 841 257 1.
914 227 1022 258 ear.
1052 226 1255 256 xxxvm.
1736 212 1792 256 47

105 330 376 384 muliebrem
414 336 586 382 ducere
623 335 864 388 debemus,
892 333 1168 397 dignitatem
1194 333 1386 379 virilem.
1459 333 1587 395 Ergo
1612 339 1659 378 et
1684 349 1709 378 a
1738 339 1765 380 ‘2

105 413 252 458 forma
291 417 588 458 removeatur
628 410 776 455 omnis
812 410 909 455 viro
945 425 1037 455 non
1072 408 1243 472 dignus
1279 413 1484 461 ornatus,
1521 415 1567 452 et
1601 407 1709 453 huie

103 487 247 533 simile
267 487 429 533 vitium
454 486 499 531 in
524 491 666 548 gestu
690 490 915 546 motuque
942 489 1177 530 caveatur.
1238 483 1364 529 Nam
1389 489 1436 528 et
1462 482 1712 544 palaestrici
1739 487 1764 527 3

39 552 45 553 ⁷
103 569 258 608 motus
283 567 392 608 sunt
416 576 542 623 saepe
562 560 828 614 odiosiores,
850 565 897 604 et
921 559 1198 604 histrionum
1223 557 1430 604 nonnulli
1456 563 1619 620 gestus
1646 557 1711 602 in-

103 638 236 700 eptiis
272 653 366 682 non
390 643 589 690 vacant;
637 641 685 680 et
719 634 766 680 in
800 640 1003 696 utroque
1041 649 1214 696 genere
1239 648 1347 694 quae
1371 638 1481 678 sunt
1512 638 1640 677 recta
1665 637 1712 677 et

102 712 325 774 simplicia
348 711 613 756 laudantur.
683 709 870 754 Formae
894 715 1054 754 autem
1080 708 1284 771 dignitas
1311 707 1478 753 coloris
1502 707 1711 753 bonitate
1738 710 1764 751 4

105 786 277 832 tuenda
296 792 367 832 θεῖ
385 802 394 840 ;
421 786 547 831 color
566 783 973 830 exercitationibus
995 783 1216 846 corporis,
1276 782 1570 829 Adhibenda
1590 798 1710 845 prae·
1738 788 1765 829 5

105 868 229 907 terea
254 861 481 906 munditia
505 865 576 906 est
610 875 703 905 non
727 859 889 904 odiosa
912 874 1067 921 neque
1093 858 1325 921 exquisita
1348 857 1497 912 nimis,
1524 864 1712 904 tantum

105 952 208 998 quae
244 935 396 999 fugiat
430 941 664 999 agrestem
697 939 744 980 et
777 934 1078 979 inhumanam
1111 933 1459 997 negligentiam.
1529 933 1711 979 Eadem
1739 938 1766 980 6

105 1011 219 1057 ratio
245 1018 316 1057 est
339 1010 559 1057 habenda
582 1010 779 1056 vestitus
801 1025 811 1063 ;
849 1008 896 1054 in
920 1025 1028 1071 quo,
1056 1009 1177 1054 sicut
1210 1009 1258 1054 in
1293 1008 1528 1071 plerisque
1553 1009 1710 1063 rebus,

105 1086 398 1132 mediocritas
424 1085 602 1147 optima
626 1090 712 1132 est.
774 1084 1053 1129 Cavendum
1078 1092 1236 1130 autem
1263 1091 1349 1139 est,
1375 1099 1434 1130 ne
1458 1078 1541 1129 aut
1565 1083 1708 1129 tardi·
1740 1084 1765 1131 7

105 1162 277 1207 tatibus
296 1167 485 1206 utamur
502 1160 548 1205 in
566 1159 783 1222 ingressu
806 1159 1108 1213 mollioribus,
1135 1165 1189 1204 ut
1214 1174 1498 1221 pomparum
1523 1158 1712 1204 ferculis

104 1236 272 1282 similes
296 1251 397 1281 esse
424 1234 695 1288 videamur;
733 1239 815 1279 aut
838 1233 885 1278 in
908 1233 1284 1280 festinationibus
1309 1233 1621 1296 suscipiamus
1645 1234 1711 1279 ni-

106 1312 219 1357 mias
244 1310 506 1357 celeritates
527 1325 536 1355 :
575 1324 683 1371 quae
709 1325 818 1355 cum
843 1308 975 1362 fiunt,
1003 1309 1238 1354 anhelitus
1264 1316 1527 1362 moventur,
1553 1309 1713 1354 vultus

105 1389 360 1440 mutantur,
387 1401 469 1431 ora
502 1390 810 1447 torquentur;
847 1399 905 1429 ex
929 1384 1100 1446 quibus
1135 1399 1309 1447 magna
1341 1383 1619 1447 significatio
1644 1384 1710 1438 fit,

104 1479 196 1508 non
219 1461 383 1508 adesse
409 1460 733 1507 constantiam.
805 1458 900 1505 Sed
936 1459 1085 1504 multo
1119 1459 1259 1504 etiam
1292 1459 1445 1522 magis
1470 1459 1710 1505 elaboran-
1739 1465 1767 1506 8

105 1538 218 1583 dum
243 1542 328 1590 est,
359 1552 418 1582 ne
450 1535 590 1581 animi
622 1542 777 1580 motus
804 1550 831 1579 a
856 1540 1023 1580 natura
1046 1534 1301 1580 recedant:
1339 1534 1467 1596 quod
1493 1550 1711 1596 asseque-

106 1629 222 1667 mur,
248 1611 285 1658 si
311 1610 594 1665 cavebimUS‚
622 1626 680 1655 ne
705 1609 749 1655 in
776 1609 1155 1671 perturbationes
1180 1615 1323 1671 atque
1349 1609 1714 1655 examinationes

105 1687 374 1742 incidamus,
401 1692 449 1732 et
483 1685 521 1731 si
555 1691 760 1731 attentos
797 1684 975 1729 animos
1007 1683 1068 1729 ad
1105 1683 1286 1730 decoris
1313 1683 1713 1729 conservationem

106 1762 379 1809 tenebimus.
441 1761 604 1807 Motus
630 1767 789 1805 autem
814 1759 1075 1805 animorum
1097 1759 1310 1821 duplices
1336 1765 1456 1813 sunt,
1479 1758 1611 1804 alteri
1637 1774 1709 1804 eo-
1740 1763 1766 1804 9

105 1837 353 1901 gitationis‚
396 1836 532 1882 alteri
577 1835 832 1898 appetitus.
912 1834 1149 1897 Cogitatio
1190 1834 1235 1880 in
1272 1850 1383 1880 vero
1424 1833 1711 1896 exquirendo

105 1912 303 1958 maxime
318 1918 557 1958 versatur:
585 1909 824 1972 appetitus
840 1909 1037 1972 impellit
1053 1909 1112 1954 ad
1130 1909 1384 1972 agendum.
1436 1908 1713 1969 Curandum

106 1994 177 2033 est
200 1987 354 2050 igitur,
379 1992 433 2031 ut
458 1985 740 2048 cogitatione
760 1983 820 2028 ad
845 1999 919 2028 res
944 1999 1085 2045 quam
1111 1984 1313 2046 optimas
1337 1989 1540 2039 utamur,
1567 1999 1713 2046 appe-

109 2063 242 2108 titum
267 2061 432 2107 rationi
456 2061 754 2107 obedientem
780 2059 1090 2121 praebeamus.

171 2212 421 2258 XXXVII.
458 2211 520 2256 Et
554 2209 775 2273 quoniam
811 2224 986 2272 magna
1022 2209 1089 2255 vis
1128 2210 1413 2255 orationis
1450 2215 1535 2263 est,
1564 2225 1712 2272 eaque

106 2286 296 2349 duplex,
318 2287 464 2332 altera
485 2284 806 2339 contentionis,
828 2285 977 2330 altera
996 2284 1220 2330 sermonis
1238 2300 1262 2331 :.
1276 2285 1510 2331 contentio
1531 2285 1713 2348 discep-

109 2361 358 2408 tationibus
393 2361 628 2407 tribuatur
657 2359 957 2423 judiciorum,
985 2359 1274 2414 concionum,
1301 2365 1524 2414 senatus;
1561 2376 1716 2406 sermo

107 2436 152 2482 in
169 2436 366 2491 circuliS,
387 2435 796 2498 disputationibus,
818 2433 1224 2497 congressionibus
1245 2434 1542 2481 familiarium
1557 2450 1712 2481 verse-

108 2517 197 2567 tur,
233 2516 457 2574 sequatur
491 2509 633 2556 etiam
672 2508 893 2555 convivia.
968 2509 1288 2555 Contentionis
1327 2514 1569 2572 praecepta
1605 2510 1711 2555 rhe-
1738 2515 1765 2556 2

108 2593 262 2633 torum
280 2591 417 2640 sunt;
442 2585 571 2631 nulla
590 2583 839 2630 sermonis:
866 2599 1154 2646 quamquam
1172 2583 1302 2639 haud
1327 2584 1422 2630 scio
1448 2600 1507 2630 an
1532 2584 1713 2647 possint

107 2661 209 2707 haec
226 2676 414 2723 quoque
433 2675 548 2707 esse.
608 2658 705 2705 Sed
726 2657 1006 2704 discentium
1024 2658 1190 2704 studiis
1215 2659 1514 2705 inveniuntur
1539 2659 1712 2722 magis·
1739 2666 1765 2705 3

108 2736 192 2783 tri:
229 2735 338 2781 huic
359 2741 517 2780 autem
537 2734 617 2796 qui
640 2733 877 2788 studeant,
899 2740 1008 2779 sunt
1031 2734 1173 2789 nulli;
1209 2734 1453 2780 rhetorum
1477 2735 1618 2781 turba
1642 2750 1711 2779 re-

109 2812 226 2856 ferta
262 2809 430 2856 omnia.
502 2809 812 2872 Quamquam,
848 2825 956 2872 quae
990 2810 1244 2855 verborum
1280 2809 1711 2871 sententiarumque

109 2890 348 2949 praecepta
372 2888 496 2938 sunt,
522 2883 688 2930 eadem
712 2885 774 2930 ad
799 2899 1062 2932 sermonem
1095 2883 1410 2946 pertinebunt.
1481 2883 1578 2929 Sed
1604 2899 1712 2929 cum
1741 2886 1762 2928 4

109 2959 327 3007 orationis
345 2958 546 3006 indicem
563 2974 726 3004 vocem
743 2960 1004 3006 habeamus
1022 2974 1032 3012 ;
1058 2958 1103 3004 in
1121 2974 1236 3005 voce
1255 2963 1413 3004 autem
1433 2957 1527 3003 duo
1547 2973 1712 3020 sequa-

107 3050 227 3090 mur,
255 3040 307 3081 ut
342 3034 465 3081 clara
493 3031 570 3093 sit,
597 3038 649 3079 ut
673 3034 828 3081 suavis
849 3049 858 3080 ε
897 3040 1150 3095 utrumque
1175 3032 1363 3079 omnino
1389 3047 1415 3076 a
1438 3045 1606 3077 natura
1631 3047 1712 3095 pe·
