2054 3470
635 273 773 302 mmm
798 272 847 302 11.
920 271 1028 302 ci-u‘.
1056 273 1166 302 xxv.
1689 264 1744 303 85

58 394 160 426 6556
198 396 226 425 a
263 379 487 434 Panaetio,
514 379 793 426 valetudinis
830 378 1131 433 curationem,
1159 385 1207 425 et
1233 378 1458 442 pecuniae.
1529 378 1662 430 Quas

56 469 130 500 res
154 470 181 500 a
206 471 389 501 summo
415 455 695 517 philosopho
731 453 996 516 praeteritas
1020 453 1234 508 arbitror,
1264 453 1392 516 quod
1417 459 1573 499 essent
1596 453 1662 498 fa-

56 528 192 575 ciles:
230 536 338 575 sunt
363 536 489 575 certe
502 529 664 574 utiles.
725 528 822 574 Sed
841 527 1065 574 valetudo
1089 533 1382 574 sustentatur
1404 527 1567 573 notitia
1592 527 1663 573 sui
1690 533 1716 574 9

56 604 290 665 corporis;
328 610 374 649 et
400 604 736 657 observatione,
766 619 872 665 quae
901 618 974 648 res
1001 609 1083 648 aut
1107 603 1334 665 prodesse
1359 603 1556 657 soleant,
1582 608 1665 648 aut

57 678 249 732 obesse;
286 683 334 724 et
369 678 651 724 continentia
688 678 734 723 in
768 677 898 723 victu
933 677 1059 724 omni
1093 685 1236 739 atque
1272 677 1417 731 cultu,
1456 677 1664 739 corporis

55 752 216 798 tuendi
235 768 402 807 causa;
428 758 475 798 et
494 752 907 814 praetermittendis
933 751 1282 814 voluptatibus;
1308 757 1546 814 postremo
1565 757 1664 797 arte

55 842 229 880 eorum,
257 843 457 889 quorum
482 827 542 872 ad
579 827 819 873 scientiam
845 827 947 872 haec
974 826 1223 889 pertinent.
1294 826 1388 872 Res
1414 833 1571 872 autem
1595 826 1661 871 fa-
1693 831 1746 872 10

55 902 238 948 miliaris
258 901 406 964 quaeri
431 902 571 948 debet
595 902 647 947 iis
672 903 826 956 rebuS,
848 917 876 946 a
896 901 1065 963 quibus
1092 902 1230 947 abest
1256 900 1527 963 turpitudo:
1556 916 1663 946 con-

55 976 228 1023 servari
263 984 420 1022 autem
456 977 696 1040 diligentia
722 983 768 1022 et
793 976 1100 1038 parsimonia:
1140 975 1316 1022 eisdem
1353 975 1494 1021 etiam
1519 975 1660 1021 rebus

54 1052 228 1115 augeri.
300 1052 400 1097 Has
424 1067 498 1097 res
524 1051 899 1098 commodissime
923 1051 1189 1113 Xenophon
1215 1050 1481 1096 Socraticus
1507 1065 1662 1112 perse-
1698 1054 1741 1097 11

54 1134 191 1172 cutus
216 1132 287 1172 est
311 1126 356 1171 in
381 1142 435 1172 eo
460 1126 593 1179 libro,
621 1126 699 1187 qui
725 1125 1061 1171 OEconomicus
1085 1125 1376 1171 inscribitur:
1414 1140 1554 1187 quem
1579 1141 1663 1171 nos

54 1201 141 1246 ista
177 1196 273 1246 fere
312 1207 454 1247 aetate
490 1216 597 1246 cum
634 1217 856 1253 essemus,
886 1216 979 1262 qua
1016 1216 1064 1245 es
1100 1205 1154 1245 tu
1188 1217 1326 1254 nunc,
1355 1215 1379 1245 e
1407 1201 1581 1245 Graeco
1618 1200 1663 1245 in

54 1275 274 1321 Latinum
301 1275 629 1321 convertimus

64 1446 66 1450 ·
119 1425 271 1472 XXV.
300 1425 395 1471 Sed
421 1425 763 1471 utilitatum
791 1424 1185 1487 comparatio,
1208 1424 1424 1487 quoniam
1442 1424 1516 1471 hic
1532 1425 1664 1471 locus

56 1506 158 1546 erat
189 1506 396 1562 quartus,
424 1515 451 1544 a
481 1500 694 1546 Panaetio
729 1500 1084 1562 praetermissus
1116 1515 1241 1562 saepe
1275 1505 1348 1545 est
1387 1500 1661 1546 necessaria.

55 1575 178 1620 Nam
198 1581 244 1621 et
261 1574 466 1637 corporis
483 1574 729 1621 commoda
746 1591 851 1620 cum
868 1574 1083 1628 externis,
1103 1581 1150 1621 et
1166 1580 1358 1620 externa
1375 1591 1479 1620 cum
1498 1591 1659 1637 corpo·
1688 1581 1713 1621 2

54 1648 130 1704 ris,
151 1655 198 1695 et
216 1649 317 1712 ipsa
340 1650 460 1695 inter
478 1665 528 1695 se
548 1649 767 1712 corporis,
782 1655 828 1695 et
847 1656 1037 1695 externa
1057 1666 1164 1695 cum
1185 1649 1385 1695 externis
1406 1650 1666 1712 comparari

56 1724 218 1769 solent.
291 1724 412 1770 Cum
437 1724 637 1770 externis
664 1725 868 1786 corporis
894 1725 985 1770 hoc
1028 1724 1169 1770 modo
1196 1730 1545 1786 comparantur,
1583 1741 1661 1770 va-

56 1799 152 1844 lere
190 1805 243 1845 ut
280 1799 428 1853 malis,
455 1815 596 1861 quam
622 1799 750 1845 dives
785 1815 913 1853 esse;
953 1816 1059 1845 cum
1098 1799 1304 1862 corporis
1347 1805 1539 1845 externa
1573 1799 1663 1845 hoc
1690 1805 1715 1845 3

58 1873 210 1927 modo,
255 1873 384 1919 dives
423 1889 524 1920 esse
568 1874 739 1937 potius,
778 1890 919 1936 quam
956 1874 1166 1919 maximis
1210 1874 1416 1936 corporis
1457 1874 1630 1920 viribus
1651 1890 1662 1928 ;

56 1949 158 2010 ipsa
192 1948 312 1994 inter
351 1964 399 1994 se
439 1949 645 2011 corporis
671 1949 750 2002 sic,
777 1955 831 1994 ut
865 1949 990 1994 bona
1014 1948 1237 1994 valetudo
1263 1948 1496 2011 voluptati
1526 1954 1663 1994 ante-

57 2029 272 2085 ponatur,
297 2023 417 2069 vires
443 2023 700 2078 celeritati3
737 2029 1037 2068 externorum
1073 2028 1245 2077 autem,
1273 2028 1326 2068 ut
1363 2023 1513 2086 gloria
1549 2023 1662 2069 divi-
1689 2027 1715 2069 4

58 2098 148 2152 tiis,
166 2097 412 2160 vectigalia
430 2098 611 2144 urbana
634 2098 833 2144 rusticis.
904 2098 976 2143 Ex
995 2114 1087 2160 quo
1112 2113 1285 2160 genere
1306 2098 1661 2160 comparationis
1689 2105 1715 2145 5

60 2172 178 2218 illud
204 2178 276 2218 est
293 2172 484 2218 Catonis
509 2172 655 2227 senis;
694 2188 720 2218 a
740 2189 831 2234 quo
858 2189 965 2219 cum
990 2178 1296 2234 quaereretur,
1318 2172 1430 2234 quid
1457 2173 1659 2219 maxime

57 2247 102 2293 in
125 2262 174 2292 re
199 2247 413 2293 familiari
438 2247 695 2309 expediret,
723 2247 979 2310 respondit,
1007 2248 1126 2294 bene
1161 2263 1368 2310 pascere.
1440 2247 1564 2303 Quid
1590 2263 1660 2294 se·

56 2321 299 2368 cundum?
339 2321 464 2368 Satis
483 2322 601 2368 bene
618 2337 824 2385 pascere.
896 2322 1020 2377 Quid
1042 2322 1231 2368 tertium
1249 2323 1269 2368 ⁶?
1306 2322 1430 2367 Male
1456 2338 1660 2384 pascere.

57 2395 176 2451 Quid
193 2396 448 2457 quartum?
486 2396 653 2443 Arare.
723 2397 798 2450 Et,
821 2413 925 2442 cum
951 2397 1041 2451 ille,
1064 2397 1142 2459 qui
1166 2397 1431 2459 quaesierat,
1454 2397 1660 2451 dixisset,

57 2470 182 2525 Quid
217 2471 453 2516 fenerari?
490 2476 593 2516 tum
619 2472 753 2526 Cato,
782 2472 908 2526 Quid
943 2472 1194 2525 hominem,
1223 2471 1384 2533 inquit,
1412 2472 1661 2518 oecidere‘.>

57 2545 129 2590 Ex
170 2561 263 2607 quo
305 2551 352 2591 et
389 2545 549 2591 multis
585 2546 683 2591 aliis
724 2545 921 2609 intelligi
957 2546 1113 2601 debet,
1140 2547 1394 2592 utilitatum
1420 2563 1661 2609 compara-
1689 2552 1714 2593 6

56 2619 203 2665 tiones
229 2619 328 2665 fieri
351 2619 513 2674 solere,
539 2626 762 2683 recteque
796 2621 887 2667 hoc
911 2621 1188 2683 adjunctum
1209 2635 1314 2667 'esse
1339 2627 1560 2684 quartum
1584 2638 1660 2668 ex-

58 2693 394 2756 quirendorum
435 2695 692 2741 officiorum
739 2712 902 2758 genus.
974 2696 1070 2742 Sed
1105 2702 1207 2741 toto
1242 2696 1332 2742 hoc
1375 2697 1434 2742 de
1476 2713 1660 2759 genere,
1692 2698 1711 2743 7

57 2768 117 2814 de
137 2768 406 2830 quaerenda,
429 2768 487 2814 de
513 2769 785 2815 collocanda
811 2771 1022 2832 pecunia,
1043 2771 1210 2817 vellem
1230 2771 1370 2817 etiam
1390 2771 1448 2817 de
1470 2772 1659 2825 utenda,

59 2842 349 2889 commodius
375 2858 402 2887 a
427 2843 706 2904 quibusdam
732 2845 920 2906 optimis
946 2846 1051 2891 viris
1076 2846 1136 2891 ad
1162 2847 1191 2893 J
1196 2862 1336 2891 anum
1361 2846 1566 2891 medium
1592 2862 1660 2891 se-

57 2917 290 2971 dentibus,
309 2933 449 2978 quam
475 2919 534 2963 ab
560 2918 664 2963 ullis
691 2919 982 2981 philosophis
1009 2921 1103 2966 ulla
1127 2921 1172 2966 in
1198 2921 1358 2966 schola
1379 2921 1658 2982 disputatur.

58 2992 180 3038 Sunt
200 2998 355 3038 tamen
377 3007 431 3037 ea
451 2994 774 3055 cognoscenda
795 3010 804 3047 ;
842 2994 1074 3056 pertinent
1094 2995 1215 3041 enim
1236 2995 1294 3039 ad
1320 2994 1581 3047 utilitatem,
1601 2994 1659 3040 de
1688 3000 1712 3040 8

59 3082 150 3129 qua
173 3067 262 3113 hoc
281 3067 398 3113 libro
416 3067 706 3128 disputatum
729 3075 812 3114 est.
853 3069 1050 3130 Reliqua
1070 3069 1288 3131 deinceps
1310 3085 1656 3131 persequemur,
