2054 3470
672 274 810 302 mmm
835 274 903 304 111.
976 274 1083 304 CAP.
1114 275 1177 304 VI.
1706 268 1765 309 98

86 385 328 442 pertatem,
356 379 579 434 dolorem,
606 381 898 427 amissionem
928 380 1069 426 etiam
1095 381 1362 435 liberorum,
1393 382 1677 444 propinquo-

85 470 201 508 rum,
240 454 510 509 amicorum,
551 471 690 516 quam
731 455 885 501 facere
928 455 1132 517 cuipiam
1176 455 1407 518 injuriam.
1480 457 1529 502 Si
1566 459 1678 504 nihil
1707 464 1764 506 14

84 529 317 574 existimat
341 534 503 574 contra
526 536 742 575 naturam
767 530 864 575 fieri
887 530 1151 583 hominibus
1178 531 1414 584 violandis,
1438 531 1548 593 quid
1574 549 1681 579 cum

83 619 136 649 eo
163 603 375 657 disseras,
401 604 478 665 qui
504 605 689 649 omnino
714 605 950 650 hominem
977 621 1033 650 ex
1058 605 1242 650 homine
1268 606 1440 651 tollat‘?
1501 606 1582 651 Sin
1608 608 1678 652 fu-
1708 614 1764 655 15

82 678 304 740 giendum
346 678 394 723 id
433 679 624 740 quidem
663 686 834 732 censet,
862 679 946 724 sed
979 680 1130 725 multo
1154 680 1232 724 illa
1258 680 1434 742 pejora„
1461 687 1679 735 mortem,

82 758 424 815 paupertatem,
453 753 660 798 dolorem
682 769 691 807 ;
729 759 852 799 errat
875 753 920 798 in
947 770 1015 808 eo,
1042 754 1169 816 quod
1196 754 1343 799 ullum
1368 761 1449 800 aut
1475 756 1680 818 corporis

81 835 161 873 aut
185 828 385 874 fortunae
412 828 573 873 vitium
598 829 715 874 vitiis
741 828 878 873 animi
902 829 1090 891 gravius
1117 829 1367 875 existimat.

146 978 218 1024 VI
227 1016 231 1024 ‚
259 978 389 1041 Ergo
406 995 549 1024 unum
570 979 710 1024 debet
730 995 829 1024 esse
850 978 1060 1025 omnibus
1082 979 1387 1041 propositum,
1405 985 1456 1024 ut
1476 996 1500 1026 e
1513 996 1539 1024 a
1554 980 1582 1026 d
1597 996 1620 1026 e
1633 997 1680 1026 m

80 1052 160 1098 sit
188 1053 425 1099 utilitas
456 1054 934 1115 uniuscujusque
963 1060 1016 1099 et
1052 1054 1492 1100 universorum:
1537 1071 1678 1117 quam

66 1127 117 1173 ‘si
141 1127 201 1173 ad
226 1143 275 1173 sc
299 1128 493 1190 quisque
518 1128 680 1190 rapiet,
708 1128 989 1174 dissolvetur
1024 1129 1170 1174 omnis
1205 1129 1410 1175 humana
1434 1130 1677 1177 consortio.

78 1202 240 1265 Atque
266 1203 418 1256 ctiam,
446 1203 483 1248 si
507 1203 596 1248 hoc
621 1208 788 1248 natura
823 1203 1095 1265 praescribit,
1123 1209 1177 1248 ut
1200 1204 1341 1249 homo
1366 1204 1553 1259 homini,
1580 1204 1677 1266 qui·
1706 1211 1732 1252 2

80 1293 262 1339 cunque
287 1277 358 1331 sit,
386 1278 446 1323 ob
471 1292 573 1322 eam
609 1276 759 1339 ipsam
785 1293 989 1331 causam,
1016 1277 1143 1339 quod
1167 1277 1204 1323 is
1229 1278 1370 1323 homo
1397 1278 1469 1332 sit,
1496 1279 1678 1325 consul—

78 1357 180 1397 tum
206 1352 329 1405 velit,
356 1367 546 1398 necesse
581 1358 652 1397 est
689 1351 948 1397 secundum
986 1352 1182 1397 eandem
1221 1360 1437 1398 naturam
1473 1354 1680 1399 omnium

78 1426 325 1472 utilitatem
351 1442 451 1472 esse
478 1442 786 1473 communem.
849 1426 987 1481 Quod
1016 1427 1052 1471 si
1076 1426 1140 1472 ita
1165 1433 1250 1480 est,
1272 1442 1364 1472 una
1390 1427 1681 1474 continemur
1706 1435 1732 1475 3

79 1517 240 1547 omnes
265 1508 312 1547 et
342 1501 507 1547 eadem
543 1501 647 1564 lege
684 1509 896 1547 naturae:
933 1501 1074 1563 idque
1113 1501 1266 1564 ipsum
1293 1501 1330 1547 si
1354 1502 1418 1547 ita
1443 1508 1527 1557 est,
1556 1509 1680 1549 certe

77 1576 248 1621 violare
273 1577 471 1622 alterum
498 1583 676 1622 naturae
704 1577 807 1639 lege
834 1576 1149 1638 prohibemur.
1212 1576 1391 1622 Verum
1411 1584 1567 1623 autem
1590 1578 1678 1640 pri-

77 1667 221 1705 mum,
241 1667 403 1697 verum
427 1651 571 1714 igitur
590 1657 862 1697 extremum.
918 1651 1043 1696 Nam
1068 1650 1183 1696 illud
1209 1651 1397 1712 quidem
1422 1652 1678 1698 absurdum
1705 1657 1732 1697 4

77 1731 162 1780 est,
180 1726 307 1788 quod
327 1725 518 1787 quidam
545 1725 721 1780 dicunt,
740 1725 921 1788 parenti
940 1741 988 1771 se
1009 1731 1090 1771 aut
1109 1725 1240 1771 fratri
1258 1726 1369 1771 nihil
1389 1719 1680 1772 detracturos

77 1800 149 1846 sui
172 1800 404 1846 commodi
429 1816 596 1855 causa;
633 1800 770 1845 aliam
794 1800 1021 1846 rationem
1046 1815 1146 1846 esse
1177 1800 1344 1846 civium
1380 1800 1675 1863 reliquorum.

77 1875 141 1921 Hi
181 1875 268 1921 sibi
307 1875 420 1922 nihil
462 1875 594 1938 juris,
637 1875 814 1920 nullam
857 1874 1128 1920 societatem
1171 1875 1427 1920 communis
1472 1875 1679 1921 utilitatis
1707 1884 1732 1922 5

78 1965 219 1997 eausa
243 1955 456 1996 statuunt
480 1965 581 1996 esse
617 1966 725 1995 cum
764 1949 968 2004 civibus;
1006 1965 1113 2010 quae
1145 1949 1373 1995 sententia
1397 1965 1581 1995 omnem
1608 1966 1679 1995 so-

78 2024 292 2070 cietatem
333 2024 547 2070 distrahit
585 2024 794 2070 civitatis.
868 2024 957 2079 Qui
982 2030 1140 2069 autem
1165 2024 1333 2069 civium
1357 2024 1586 2069 rationem
1612 2025 1676 2070 di·
1706 2030 1732 2070 6

78 2105 189 2145 cunt
225 2099 505 2153 habendam,
533 2105 831 2144 externorum
868 2104 1056 2161 negant,
1083 2098 1112 2144 ii
1138 2098 1359 2144 dirimunt
1384 2114 1678 2144 communem

76 2173 267 2219 humani
290 2174 471 2237 generis
497 2173 764 2219 societatem
780 2190 791 2228 ;
827 2189 920 2234 qua
944 2173 1142 2227 sublata,
1171 2173 1487 2226 beneficentia,
1515 2173 1677 2219 libera-

76 2248 195 2302 litas,
238 2248 433 2302 bonitas,
474 2248 654 2311 justitia
694 2248 906 2293 funditus
947 2248 1137 2293 tollitur.
1211 2248 1329 2302 Quae
1370 2247 1450 2308 qui
1495 2248 1678 2301 tollunt,

77 2323 216 2368 ctiam
236 2322 460 2368 adversus
486 2323 598 2368 deos
623 2322 908 2368 immortales
933 2322 1059 2384 impii
1080 2322 1322 2384 judicandi
1347 2328 1468 2368 sunt.
1520 2322 1600 2368 Ab
1627 2322 1678 2368 iis
1707 2323 1731 2369 7

78 2397 197 2443 enim
223 2397 524 2443 constitutam
548 2397 667 2442 inter
701 2397 911 2443 homines
951 2397 1222 2442 societatem
1262 2403 1505 2442 evertunt:
1546 2397 1679 2459 cujus

77 2472 308 2518 societatis
334 2472 615 2517 artissimum
639 2471 875 2517 vinculum
901 2477 986 2526 est,
1013 2471 1161 2534 magis
1198 2471 1410 2517 arbitrari
1447 2487 1547 2516 esse
1573 2488 1678 2517 con-

80 2553 149 2593 tra
171 2552 402 2600 naturam,
428 2546 662 2592 hominem
685 2546 860 2591 homini
896 2546 1141 2592 detrahere
1168 2546 1237 2591 sui
1263 2545 1497 2591 commodi
1523 2561 1675 2599 causa,

77 2637 218 2682 quam
244 2621 396 2666 omnia
419 2620 714 2666 incommoda
750 2620 905 2667 subire
930 2620 1003 2665 vel
1029 2626 1232 2673 externa,
1258 2620 1332 2665 vel
1358 2619 1576 2682 corporis,
1603 2620 1676 2665 vel

78 2695 218 2741 etiam
250 2694 395 2756 ipsius
433 2695 584 2749 animi,
621 2711 727 2756 quae
766 2701 933 2740 vacent
967 2694 1204 2757 injustitia.
1276 2694 1393 2740 Haec
1429 2694 1549 2739 enim
1584 2709 1677 2739 una
1704 2700 1729 2741 8

81 2769 223 2814 virtus
249 2769 452 2814 omnium
476 2775 547 2814 est
571 2769 757 2815 domina
777 2775 822 2815 et
846 2769 1005 2832 regina
1024 2769 1262 2815 virtutum.
1317 2769 1530 2814 Forsitan
1554 2768 1675 2829 quis·

81 2843 202 2906 piam
230 2843 418 2888 dixerit:
456 2843 623 2888 Nonne
646 2843 789 2906 igitur
814 2845 1009 2906 sapiens,
1036 2844 1073 2889 si
1097 2844 1221 2889 fame
1255 2843 1354 2905 ipse
1391 2843 1674 2896 conficiatur,

79 2917 322 2964 abstulerit
348 2917 502 2963 cibum
528 2917 672 2971 alteri,
690 2918 862 2963 homini
888 2918 947 2963 ad
974 2918 1148 2963 nullam
1174 2933 1270 2962 rem
1296 2917 1436 2962 utili?
1490 2916 1676 2960 Minime

80 3007 203 3039 vero.
273 2992 382 3037 Non
408 2991 527 3037 enim
552 2991 664 3036 mihi
688 2998 758 3036 est
782 2992 877 3037 vita
901 3007 1005 3037 mea
1038 2992 1206 3044 utilior,
1233 3006 1371 3053 quam
1409 2990 1547 3035 animi
1571 2990 1676 3034 talis
1703 2995 1728 3035 9

82 3066 277 3116 affectio.
304 3066 534 3111 neminem
559 3071 610 3111 ut
637 3065 801 3111 violem
840 3066 1067 3112 commodi
1095 3066 1181 3110 mei
1206 3066 1369 3127 gratia.
1441 3064 1600 3120 Quid?
1639 3063 1676 3110 si
