2054 3470
656 211 851 257 11111161.
925 211 1032 241 CAP.
1061 212 1219 243 xxxrx.
1660 216 1663 217 ⁷
1722 204 1785 245 49

88 318 247 364 cidunt
282 319 575 374 necessariae,
604 319 649 364 in
684 318 856 381 quibus
890 318 1122 364 utendum
1157 324 1229 365 est
1262 319 1462 365 fortasse
1498 325 1545 365 et
1570 319 1696 366 vocis

86 393 380 440 contentione
415 394 592 457 majore
628 400 675 440 et
710 394 961 440 verborum
996 394 1231 456 gravitate
1255 394 1446 448 acriore,
1471 394 1523 440 id
1557 410 1697 457 agen-

84 467 199 514 dum
223 468 364 514 etiam
389 475 441 514 ut
465 484 520 514 ea
544 469 700 515 facere
725 468 968 515 videamur
1000 468 1135 515 irati:
1173 469 1257 515 sed
1292 474 1347 515 ut
1370 468 1432 515 ad
1463 469 1697 515 urendum

83 548 130 588 et
156 543 426 598 secandum,
455 543 520 590 sic
546 544 606 590 ad
633 544 723 589 hoc
748 560 898 606 genus
934 543 1196 607 castigandi
1230 560 1335 590 raro
1370 543 1593 606 invitique
1618 559 1696 590 ve-

82 617 277 672 niemus,
326 634 412 664 nec
460 634 682 680 unquam,
731 618 817 665 nisi
862 619 1138 673 necessario,
1182 619 1220 665 si
1265 619 1394 665 nulla
1440 619 1700 682 reperietur

20 746 29 751 ,
81 691 171 738 alia
210 692 452 739 medicina.
523 693 620 739 Sed
656 699 816 740 tamen
850 693 917 739 ira
953 693 1118 756 procul
1153 693 1292 748 absit,
1322 711 1430 740 cum
1455 710 1549 757 qua
1584 693 1697 740 nihil

83 772 206 813 recte
231 767 342 822 fieri,
360 767 480 814 nihil
505 767 796 814 considerate
822 774 994 831 potest.
1066 768 1292 832 Magnam
1314 775 1488 815 *autem
1513 775 1697 832 partem
1724 774 1748 814 4

84 842 298 888 elementi
323 842 628 907 castigatione
654 843 764 889 licet
782 843 864 897 uti,
884 843 1119 906 gravitate
1139 850 1296 890 tamen
1321 844 1561 907 adjuncta,
1579 849 1633 890 ut
1651 849 1698 890 et

81 918 303 964 severitas
329 918 624 973 adhibeatur,
647 925 694 965 et
719 918 1002 965 contumelia
1026 919 1295 982 repellatur.
1365 921 1531 982 Atque
1556 919 1696 965 etiam
1723 926 1749 966 5

81 992 196 1040 illud
221 993 391 1055 ipsum,
417 993 546 1056 quod
570 993 838 1040 acerbitatis
865 993 1009 1040 habet
1035 994 1318 1057 objurgatio,
1336 994 1698 1058 significandum

80 1075 164 1122 cst,
187 1069 331 1131 ipsius
355 1068 403 1114 id
423 1084 578 1123 causa,
599 1069 680 1131 qui
704 1069 995 1132 objurgetur,
1017 1085 1119 1115 esse
1144 1076 1437 1133 susceptum.
1492 1070 1697 1116 Rectum
1724 1074 1750 1114 6

80 1151 152 1189 cst
176 1150 338 1189 autem
373 1143 514 1189 etiam
549 1144 596 1189 in
630 1144 718 1190 illis
754 1144 1143 1199 contentionibus,
1170 1161 1276 1207 quae
1301 1162 1408 1193 cum
1441 1144 1696 1193 inimicissi-

81 1219 167 1265 mis
193 1219 325 1274 fiunt,
353 1218 535 1265 etiamsi
558 1219 693 1265 nobis
716 1218 908 1282 indigna
944 1219 1206 1275 audiamus,
1231 1226 1391 1267 tamen
1415 1222 1698 1285 gravitatem

80 1295 292 1349 retinere,
319 1294 610 1341 iracundiam
635 1294 824 1358 pellere.
897 1294 1013 1350 Quae
1051 1295 1174 1340 enim
1198 1312 1306 1341 cum
1330 1296 1486 1359 aliqua
1510 1302 1693 1359 pertur-
1719 1303 1750 1347 7

79 1369 265 1416 batione
289 1369 420 1424 fiunt,
448 1385 504 1416 ea
527 1386 614 1416 nec
650 1374 920 1416 constanter
954 1370 1052 1416 fieri
1087 1376 1300 1433 possunt,
1326 1387 1478 1434 neque
1511 1372 1579 1427 iis,
1617 1374 1697 1436 qui

78 1444 262 1499 adsunt,
285 1445 487 1507 probari.
557 1445 783 1492 Deforme
808 1445 949 1491 etiam
973 1451 1060 1500 est,
1084 1446 1142 1492 de
1168 1462 1218 1492 se
1242 1445 1396 1509 ipsum
1421 1448 1693 1509 praedicare,
1723 1456 1750 1497 8

78 1519 197 1565 falsa
221 1520 500 1582 praesertim,
528 1527 576 1566 et
601 1537 709 1566 cum
734 1520 940 1567 irrisione
977 1521 1265 1566 audientium
1300 1521 1466 1568 imitari
1501 1523 1697 1570 militem

78 1594 351 1657 gloriosum.

142 1747 364 1793 XXXIX.
391 1747 454 1793 Et
479 1746 698 1809 quoniam
725 1746 877 1793 omnia
902 1747 1240 1811 persequimur,
1263 1748 1478 1795 volumus
1503 1751 1693 1813 quidem

79 1828 217 1876 (erte,
236 1821 487 1868 dicendum
507 1827 578 1869 est
597 1822 753 1877 etiam,
773 1822 961 1885 qualem
987 1823 1186 1869 hominis
1211 1824 1428 1871 honorati
1452 1831 1500 1872 et
1523 1827 1690 1888 princi-

81 1896 147 1959 pis
172 1897 202 1943 d
219 1913 245 1943 0
262 1913 308 1943 111
325 1914 420 1944 11111
445 1898 631 1961 placeat
656 1913 758 1944 esse
780 1913 789 1944 :
818 1898 954 1961 cujus
980 1898 1081 1944 finis
1111 1905 1183 1945 est
1206 1916 1334 1954 usus,
1362 1899 1424 1945 ad
1449 1917 1590 1962 quem
1615 1918 1690 1949 ac-

77 1972 423 2019 commodanda
457 1979 529 2019 est
565 1973 830 2019 aedificandi
865 1973 1132 2036 descriptio,
1159 1979 1207 2020 et
1230 1979 1387 2020 tamen
1424 1968 1692 2023 adhibenda

78 2047 420 2094 commoditatis
445 2047 783 2110 dignitatisque
808 2047 1061 2112 diligentia.
1135 2049 1220 2095 Cn.
1250 2049 1465 2105 Octavio,
1493 2051 1573 2113 qui
1597 2052 1689 2114 pri·
1716 2059 1743 2100 2

78 2139 179 2168 mus
205 2138 263 2169 ex
285 2123 365 2169 illa
388 2122 563 2169 familia
588 2123 750 2170 consul
773 2123 928 2170 factus
949 2130 1034 2179 est,
1055 2124 1220 2170 honori
1243 2124 1386 2171 fuisse
1405 2126 1688 2189 accepimus,

75 2197 203 2259 quod
238 2197 516 2261 praeclaram
551 2198 828 2245 aedificasset
863 2199 910 2245 in
941 2199 1128 2246 Palatio
1153 2205 1201 2246 et
1225 2199 1415 2263 plenam
1449 2200 1688 2265 dignitatis

75 2273 299 2320 domum:
331 2263 445 2337 ⁵quae
470 2291 578 2320 cum
602 2274 746 2339 vulgo
770 2274 1012 2332 viseretur,
1039 2276 1304 2340 suffragata
1338 2277 1542 2333 domino,
1567 2295 1690 2326 novo

75 2348 263 2404 homini,
285 2349 346 2395 ad
366 2350 665 2397 consulatum
690 2351 967 2413 putabatur.
1039 2351 1177 2399 Hanc
1204 2352 1411 2399 Scaurus
1436 2353 1687 2402 demolitus
1715 2363 1740 2402 3

74 2424 386 2471 accessionem
419 2425 636 2488 adjunxit
677 2426 874 2474 aedibus.
945 2427 1116 2490 Itaque
1150 2427 1228 2475 ille
1251 2427 1299 2474 in
1333 2444 1468 2475 suam
1493 2429 1688 2476 domum

74 2499 370 2546 consulatum
396 2499 575 2563 primus
600 2501 784 2548 attulit:
811 2501 887 2548 hic
913 2503 1085 2549 summi
1108 2507 1156 2549 et
1180 2502 1420 2550 clarissimi
1442 2503 1526 2551 viri
1550 2505 1686 2559 filius,

73 2572 119 2619 111
165 2573 360 2621 (1011111111
400 2575 762 2638 multiplicatam
801 2592 896 2623 non
930 2577 1171 2640 repulsam
1205 2578 1359 2639 solum
1393 2579 1566 2634 retulit,
1603 2581 1687 2627 sed

73 2647 369 2711 ignominiam
396 2650 538 2696 etiam
562 2656 610 2697 et
635 2651 968 2699 calamitatem.
1040 2652 1267 2699 Ornanda
1291 2659 1363 2700 est
1388 2654 1511 2701 enim
1538 2655 1684 2719 digni-
1712 2660 1738 2701 4

74 2730 149 2770 tas
170 2723 325 2779 domo,
352 2740 445 2771 non
469 2741 527 2771 ex
552 2725 694 2773 domo
719 2732 820 2773 tota
843 2728 1127 2790 quaerenda:
1164 2744 1251 2775 nec
1287 2728 1428 2776 domo
1454 2729 1683 2784 dominus,

72 2798 154 2846 sed
180 2799 369 2846 domino
393 2799 562 2846 domus
588 2801 882 2848 honestanda
907 2808 993 2849 est.
1052 2803 1115 2849 Et
1133 2810 1186 2849 ut
1210 2804 1255 2850 in
1277 2804 1441 2850 ceteris
1466 2804 1684 2850 habenda
1711 2812 1736 2852 5

73 2875 190 2921 ratio
213 2891 306 2922 non
330 2891 415 2921 sua
450 2875 617 2930 solum,
644 2877 729 2923 sed
763 2877 905 2924 etiam
947 2878 1172 2925 aliorum:
1210 2879 1274 2925 sic
1309 2879 1355 2926 in
1391 2879 1532 2925 domo
1574 2879 1685 2925 clari

74 2948 284 3005 hominis,
311 2950 357 2996 111
381 2966 523 3013 quam
548 2956 597 2997 et
622 2951 830 3014 hospites
865 2952 1002 2999 multi
1025 2954 1292 3016 recipiendi,
1319 2960 1366 3000 et
1390 2953 1683 3000 admittenda

75 3023 311 3072 hominum
336 3026 565 3090 cujusque
591 3026 719 3073 modi
746 3027 1015 3082 multitudo,
1045 3028 1314 3074 adhibenda
1338 3044 1450 3074 cura
1474 3034 1547 3074 est
1570 3028 1680 3075 laxi-
