2054 3470
666 203 806 256 [1111111
832 226 862 257 1.
949 227 1057 257 CAP.
1087 229 1214 259 xxix.
1728 219 1780 263 37

94 347 193 380 .oco
217 333 353 394 phua
377 333 468 379 dici
492 333 656 379 solent.
728 333 825 379 Sed
860 339 963 379 tum
996 349 1180 380 servare
1215 334 1331 380 illud
1368 342 1545 397 poetas,
1573 336 1698 398 quod
1727 342 1751 382 Q

91 406 269 461 deceat,
292 407 502 462 dicimus,
525 424 632 454 cum
656 407 718 462 id,
740 408 867 470 quod
887 424 1074 470 quaque
1099 424 1299 470 persona
1324 409 1518 472 dignum
1545 418 1631 465 est,
1653 417 1701 456 et

89 481 153 535 fit,
175 488 223 527 et
243 482 426 529 dicitur.
487 483 568 536 Ut,
591 483 629 528 si
653 483 836 528 AEacus
862 490 944 528 aut
969 483 1124 529 Minos
1150 483 1327 529 diceret
1357 485 1559 539 Oderint,
1587 485 1700 530 dum

90 563 305 611 metuant,
332 563 414 602 aut
437 557 584 603 ZVatz's
607 558 811 617 sepulcro
836 558 928 618 ipse
952 565 1014 603 est
1030 574 1203 617 parens
1217 573 1238 616 ,·
1275 558 1547 604 indecorum
1572 559 1697 605 vide-

87 637 228 686 retur,
255 632 381 694 quod
407 648 486 678 eos
511 632 652 678 fuisse
684 633 840 695 justos
876 634 1157 695 accepimus
1229 634 1298 679 At
1322 635 1473 680 Atreo
1498 635 1696 690 dicente,

87 705 280 768 pla-usus
316 706 592 753 excitantur.
661 707 749 753 Est
786 708 908 753 enim
947 708 1090 771 digna
1127 723 1328 770 persona
1365 710 1526 756 oratio.
1597 709 1693 756 Sed
1720 715 1747 754 3

87 786 258 844 poe‘tae,
284 781 396 843 quid
429 797 661 843 quemque
687 781 865 837 deceat,
892 798 949 828 ex
985 798 1184 845 persona
1216 783 1528 845 judicabunt:
1566 785 1697 830 nobis

86 860 245 901 autem
268 871 521 918 personam
544 856 766 918 imposuit
784 856 885 918 ipsa
903 864 1071 902 natura
1096 873 1271 920 magna
1290 873 1398 903 cum
1423 858 1697 904 excellentia

87 930 455 992 przestantiaque
482 930 788 976 animantium
813 931 1113 993 reliquarum.
1186 932 1417 987 Quocirca
1452 940 1624 995 poetae,
1652 933 1697 978 in
1725 938 1748 978 4

86 1019 260 1067 magna
284 1005 510 1051 varietate
548 1021 870 1066 personarum,
910 1005 1050 1051 etiam
1076 1006 1252 1052 viticsis
1288 1007 1400 1069 quid
1437 1007 1694 1062 conveniat,

86 1084 134 1124 et
159 1079 270 1141 quid
305 1079 483 1133 deceat,
513 1080 770 1125 videbunt:
807 1080 941 1126 nobis
980 1088 1140 1126 autem
1179 1097 1286 1127 cum
1323 1097 1350 1126 a
1384 1088 1553 1127 natura
1588 1098 1696 1128 con-

86 1154 282 1208 stantiae,
319 1155 663 1208 moderationis,
707 1156 1043 1217 temperantiae,
1080 1155 1374 1201 verecundiae
1416 1162 1575 1219 partes
1614 1157 1694 1202 da-

85 1233 150 1274 tae
174 1229 264 1274 sint
284 1245 294 1283 ;
331 1245 533 1291 cumque
558 1229 724 1274 eadem
751 1237 917 1274 natura
942 1230 1110 1275 doceat
1133 1246 1226 1275 non
1249 1231 1506 1293 negligere,
1534 1247 1694 1293 quem-

85 1302 342 1349 admodum
381 1319 465 1349 nos
506 1302 732 1349 adversus
768 1304 980 1349 homines
1015 1319 1268 1367 geramus:
1307 1305 1517 1359 efficitur,
1560 1311 1614 1352 ut
1649 1311 1696 1352 et

84 1377 214 1432 illud,
242 1378 371 1440 quod
396 1378 457 1424 ad
483 1393 669 1424 omnem
704 1379 1001 1424 honestatem
1038 1379 1253 1440 pertinet,
1283 1379 1522 1434 decorum,
1549 1396 1694 1442 quam

83 1452 176 1498 late
200 1453 358 1498 fusum
384 1452 456 1507 sit,
484 1458 712 1515 appareat
733 1469 743 1507 ;
781 1459 829 1498 et
853 1453 956 1507 hoc,
985 1452 1114 1515 quod
1150 1460 1393 1515 spectatur
1415 1454 1462 1500 in
1485 1470 1694 1517 unoquo-

83 1543 173 1589 que
196 1543 369 1590 genere
385 1527 582 1574 virtutis.
637 1527 705 1573 Ut
721 1527 843 1573 enim
868 1527 1173 1590 pulchritudo
1199 1529 1406 1591 corporis
1431 1534 1544 1591 apta
1569 1545 1692 1575 00111-
1721 1537 1744 1576 5

83 1601 308 1664 positione
349 1603 671 1648 membrorum
712 1608 870 1648 movet
906 1602 1080 1656 0011105,
1119 1608 1166 1648 et
1202 1602 1408 1649 delectat
1448 1604 1538 1650 hoc
1573 1603 1691 1666 ipso,

83 1676 208 1738 quod
233 1677 352 1722 inter
376 1692 426 1723 se
451 1692 612 1722 omnes
637 1683 795 1739 partes
822 1694 929 1723 cum
954 1677 1162 1739 quodam
1186 1678 1347 1740 lepore
1369 1678 1691 1724 consentiunt:

83 1751 146 1797 510
170 1751 260 1797 1100
285 1751 521 1805 decorum,
550 1751 678 1813 quod
715 1751 871 1798 elucet
905 1751 951 1797 in
975 1752 1083 1806 vita,
1112 1759 1269 1798 movet
1302 1753 1692 1816 approbationem

82 1841 257 1880 eorum,
284 1826 565 1888 quibuscum
590 1826 774 1880 vivitur,
812 1826 973 1872 ordine
1010 1832 1058 1872 et
1095 1827 1356 1873 constantia
1394 1834 1442 1874 et
1477 1828 1690 1874 modera-

82 1900 204 1946 tione
220 1901 452 1947 dictorum
469 1900 678 1946 omnium
695 1907 838 1965 atque
854 1901 1102 1947 factorum.
1155 1901 1447 1948 Adhibenda
1463 1910 1535 1968 est
1549 1903 1692 1966 igitur
1717 1908 1744 1943 P·

81 1975 298 2037 quaedam
339 1975 598 2021 reverentia
633 1975 860 2021 adversus
896 1975 1122 2028 11011111105,
1161 1982 1207 2021 et
1244 1976 1408 2039 optimi
1444 1977 1687 2039 cujusque,

81 2056 128 2095 et
163 2050 459 2111 reliquorum.
530 2049 655 2095 Nam
693 2050 949 2113 negligere,
979 2049 1092 2112 quid
1127 2049 1186 2095 de
1212 2067 1261 2097 50
1286 2051 1480 2114 quisque
1505 2052 1688 2107 sentiat,

80 2140 172 2169 non
197 2125 348 2170 solum
372 2124 633 2187 arrogantis
669 2130 754 2178 est,
783 2124 867 2170 sed
903 2124 1044 2170 etiam
1083 2125 1269 2171 omnino
1308 2126 1533 2173 dissoluti.
1603 2128 1690 2173 Est
1717 2129 1740 2175 ‘a'

79 2204 240 2245 autem
279 2198 406 2261 quod
448 2199 645 2252 differat,
688 2199 735 2244 in
783 2199 1025 2244 hominum
1073 2200 1251 2245 ratione
1298 2201 1528 2256 habenda,
1571 2201 1691 2248 inter

76 2272 301 2335 justitiam
336 2279 384 2319 et
406 2273 751 2319 verecundiam.
821 2273 1026 2320 Justitiae
1062 2281 1221 2336 partes
1259 2281 1368 2322 sunt
1401 2292 1494 2322 non
1518 2276 1733 2326 violaret

80 2348 301 2402 homines,
327 2347 622 2394 verecundiae
648 2364 741 2393 non
766 2348 1018 2402 offendere,
1045 2348 1090 2394 in
1115 2365 1209 2410 quo
1233 2350 1432 2396 maxime
1467 2350 1686 2413 perspici-

80 2427 156 2468 tur
178 2422 245 2468 vis
270 2422 438 2468 decori.
509 2422 596 2468 His
619 2422 762 2486 igitur
785 2423 1006 2485 expositis
1031 2424 1169 2485 quale
1195 2424 1254 2469 sit
1277 2424 1338 2478 id,
1367 2425 1492 2487 quod
1519 2425 1686 2472 decere

79 2496 286 2552 dicimus,
312 2497 601 2543 intellectum
626 2503 756 2560 puto.

145 2645 362 2692 Officium
399 2652 574 2702 autem,
610 2630 737 2709 quod
773 2648 832 2693 ab
869 2663 924 2693 eo
961 2647 1162 2702 ducitur,
1201 2648 1322 2694 hanc
1362 2648 1562 2711 primum
1603 2650 1683 2694 lm-
1712 2656 1737 2696 9

77 2720 158 2767 bet
183 2720 321 2777 viam,
348 2736 454 2782 quae
479 2720 670 2768 deducit
691 2721 752 2767 ad
789 2722 1156 2768 convenientiam
1193 2723 1683 2785 conservationemque

77 2800 287 2842 naturae:
324 2811 464 2857 quam
499 2795 537 2841 si
572 2811 821 2857 sequemur
856 2796 1041 2851 ducem,
1072 2813 1311 2858 nunquam
1347 2798 1681 2849 aberrabimus,

77 2884 419 2932 sequemurque
444 2877 490 2915 et
514 2869 574 2923 id,
601 2870 727 2931 quod
752 2877 942 2916 acutum
970 2878 1016 2917 et
1041 2872 1285 2934 perspicax
1310 2878 1475 2917 natura
1500 2878 1570 2918 est
1590 2888 1600 2926 ;
1637 2877 1682 2918 ct

77 2941 138 2999 id,
163 2943 291 3006 quod
315 2944 375 2989 ad
395 2944 634 2989 hominum
660 2945 1047 2991 consociationem
1073 2946 1479 2991 accommodatum
1501 2962 1510 2999 ;
1547 2952 1593 2991 et
1618 2945 1678 2999 id,

78 3018 204 3082 quod
228 3019 478 3065 vehemens
515 3024 656 3080 atque
689 3018 821 3064 forte.
890 3019 989 3065 ‚Sed
1026 3019 1227 3064 maxima
1252 3019 1318 3065 vis
1344 3019 1499 3065 decori
1523 3019 1569 3064 in
1593 3019 1679 3065 hac
1710 3025 1765 3069 10
