<?xml version="1.0" encoding="UTF-8"?>
<!DOCTYPE html PUBLIC "-//W3C//DTD XHTML 1.0 Transitional//EN"
    "http://www.w3.org/TR/xhtml1/DTD/xhtml1-transitional.dtd">
<html xmlns="http://www.w3.org/1999/xhtml" xml:lang="en" lang="en">
 <head>
  <title>
</title>
<meta http-equiv="Content-Type" content="text/html;charset=utf-8" />
  <meta name='ocr-system' content='tesseract 3.04.00' />
  <meta name='ocr-capabilities' content='ocr_page ocr_carea ocr_par ocr_line ocrx_word'/>
</head>
<body>
  <div class='ocr_page' id='page_1' title='image "./mtulliiciceronis1850cice_0043.png"; bbox 0 0 2054 3470; ppageno 0'>
   <div class='ocr_carea' id='block_1_1' title="bbox 693 228 1785 269">
    <p class='ocr_par' dir='ltr' id='par_1_1' title="bbox 693 228 1785 269">
     <span class='ocr_line' id='line_1_1' title="bbox 693 228 1785 269; baseline 0.004 -5"><span class='ocrx_word' id='word_1_1' title='bbox 693 237 831 265; x_wconf 69' lang='lat' dir='ltr'>mnan</span> <span class='ocrx_word' id='word_1_2' title='bbox 857 237 886 265; x_wconf 88' lang='lat'>1.</span> <span class='ocrx_word' id='word_1_3' title='bbox 960 236 1066 266; x_wconf 78' lang='lat' dir='ltr'><strong>CAP.</strong></span> <span class='ocrx_word' id='word_1_4' title='bbox 1094 236 1230 266; x_wconf 55' lang='lat' dir='ltr'>xxm.</span> <span class='ocrx_word' id='word_1_5' title='bbox 1734 228 1785 269; x_wconf 86' lang='lat'>31</span> 
     </span>
    </p>
   </div>
   <div class='ocr_carea' id='block_1_2' title="bbox 95 342 1792 1380">
    <p class='ocr_par' dir='ltr' id='par_1_2' title="bbox 95 342 1792 1380">
     <span class='ocr_line' id='line_1_2' title="bbox 106 342 1787 406; baseline 0.001 -17"><span class='ocrx_word' id='word_1_6' title='bbox 106 344 166 389; x_wconf 84' lang='lat' dir='ltr'>Ut</span> <span class='ocrx_word' id='word_1_7' title='bbox 190 345 310 389; x_wconf 81' lang='lat' dir='ltr'>enim</span> <span class='ocrx_word' id='word_1_8' title='bbox 335 344 446 389; x_wconf 83' lang='lat' dir='ltr'>alios</span> <span class='ocrx_word' id='word_1_9' title='bbox 473 344 699 397; x_wconf 79' lang='lat' dir='ltr'>omittam,</span> <span class='ocrx_word' id='word_1_10' title='bbox 726 343 861 390; x_wconf 86' lang='lat' dir='ltr'>nobis</span> <span class='ocrx_word' id='word_1_11' title='bbox 897 359 996 389; x_wconf 89' lang='lat' dir='ltr'>rem</span> <span class='ocrx_word' id='word_1_12' title='bbox 1039 342 1279 405; x_wconf 81' lang='lat' dir='ltr'>publicam</span> <span class='ocrx_word' id='word_1_13' title='bbox 1315 344 1704 406; x_wconf 75' lang='lat' dir='ltr'>gubernantibus,</span> <span class='ocrx_word' id='word_1_14' title='bbox 1736 350 1787 391; x_wconf 86' lang='grc'>11</span> 
     </span>
     <span class='ocr_line' id='line_1_3' title="bbox 99 417 1708 481; baseline 0.001 -18"><span class='ocrx_word' id='word_1_15' title='bbox 99 434 249 464; x_wconf 89' lang='lat' dir='ltr'>nonne</span> <span class='ocrx_word' id='word_1_16' title='bbox 286 424 413 481; x_wconf 82' lang='lat' dir='ltr'>togae</span> <span class='ocrx_word' id='word_1_17' title='bbox 454 434 586 464; x_wconf 87' lang='lat' dir='ltr'>arma</span> <span class='ocrx_word' id='word_1_18' title='bbox 627 419 909 469; x_wconf 74' lang='lat' dir='ltr'>cesserunt?</span> <span class='ocrx_word' id='word_1_19' title='bbox 946 433 1100 480; x_wconf 90' lang='lat' dir='ltr'>neque</span> <span class='ocrx_word' id='word_1_20' title='bbox 1136 417 1259 463; x_wconf 90' lang='lat' dir='ltr'>enim</span> <span class='ocrx_word' id='word_1_21' title='bbox 1296 417 1556 480; x_wconf 87' lang='lat' dir='ltr'>periculum</span> <span class='ocrx_word' id='word_1_22' title='bbox 1581 418 1626 463; x_wconf 90' lang='lat' dir='ltr'>in</span> <span class='ocrx_word' id='word_1_23' title='bbox 1657 434 1708 464; x_wconf 87' lang='lat' dir='ltr'>re</span> 
     </span>
     <span class='ocr_line' id='line_1_4' title="bbox 100 492 1791 556; baseline 0 -18"><span class='ocrx_word' id='word_1_24' title='bbox 100 492 286 555; x_wconf 85' lang='lat' dir='ltr'>publica</span> <span class='ocrx_word' id='word_1_25' title='bbox 309 493 396 539; x_wconf 87' lang='lat' dir='ltr'>fuit</span> <span class='ocrx_word' id='word_1_26' title='bbox 419 494 609 556; x_wconf 84' lang='lat' dir='ltr'>gravius</span> <span class='ocrx_word' id='word_1_27' title='bbox 634 508 857 555; x_wconf 89' lang='lat' dir='ltr'>unquam,</span> <span class='ocrx_word' id='word_1_28' title='bbox 882 508 968 538; x_wconf 90' lang='lat' dir='ltr'>nec</span> <span class='ocrx_word' id='word_1_29' title='bbox 993 492 1147 554; x_wconf 91' lang='lat' dir='ltr'>majus</span> <span class='ocrx_word' id='word_1_30' title='bbox 1172 492 1335 538; x_wconf 87' lang='lat' dir='ltr'>otium.</span> <span class='ocrx_word' id='word_1_31' title='bbox 1407 493 1483 538; x_wconf 89' lang='lat' dir='ltr'>Ita</span> <span class='ocrx_word' id='word_1_32' title='bbox 1508 492 1707 538; x_wconf 86' lang='lat' dir='ltr'>consiliis</span> <span class='ocrx_word' id='word_1_33' title='bbox 1735 497 1791 539; x_wconf 84' lang='lat'>12</span> 
     </span>
     <span class='ocr_line' id='line_1_5' title="bbox 97 566 1707 630; baseline -0.001 -17"><span class='ocrx_word' id='word_1_34' title='bbox 97 567 429 630; x_wconf 78' lang='lat' dir='ltr'>diligentiaque</span> <span class='ocrx_word' id='word_1_35' title='bbox 463 574 625 614; x_wconf 90' lang='lat' dir='ltr'>nostra</span> <span class='ocrx_word' id='word_1_36' title='bbox 651 567 862 614; x_wconf 80' lang='lat' dir='ltr'>celeriter</span> <span class='ocrx_word' id='word_1_37' title='bbox 887 567 946 613; x_wconf 92' lang='lat' dir='ltr'>de</span> <span class='ocrx_word' id='word_1_38' title='bbox 965 567 1182 612; x_wconf 89' lang='lat' dir='ltr'>manibus</span> <span class='ocrx_word' id='word_1_39' title='bbox 1207 566 1622 613; x_wconf 80' lang='lat' dir='ltr'>audacissimorum</span> <span class='ocrx_word' id='word_1_40' title='bbox 1646 567 1707 613; x_wconf 90' lang='lat' dir='ltr'>ci-</span> 
     </span>
     <span class='ocr_line' id='line_1_6' title="bbox 98 642 1792 705; baseline 0.001 -18"><span class='ocrx_word' id='word_1_41' title='bbox 98 642 221 688; x_wconf 85' lang='lat' dir='ltr'>vium</span> <span class='ocrx_word' id='word_1_42' title='bbox 247 642 441 705; x_wconf 89' lang='lat' dir='ltr'>delapsa</span> <span class='ocrx_word' id='word_1_43' title='bbox 478 658 610 688; x_wconf 86' lang='lat' dir='ltr'>arma</span> <span class='ocrx_word' id='word_1_44' title='bbox 643 642 746 705; x_wconf 88' lang='lat' dir='ltr'>ipsa</span> <span class='ocrx_word' id='word_1_45' title='bbox 782 642 1066 689; x_wconf 82' lang='lat' dir='ltr'>ceciderunt.</span> <span class='ocrx_word' id='word_1_46' title='bbox 1139 642 1258 697; x_wconf 75' lang='lat' dir='ltr'>Quae</span> <span class='ocrx_word' id='word_1_47' title='bbox 1293 658 1368 688; x_wconf 89' lang='lat' dir='ltr'>res</span> <span class='ocrx_word' id='word_1_48' title='bbox 1403 642 1546 705; x_wconf 79' lang='lat' dir='ltr'>igitur</span> <span class='ocrx_word' id='word_1_49' title='bbox 1569 649 1708 705; x_wconf 83' lang='lat' dir='ltr'>gesta</span> <span class='ocrx_word' id='word_1_50' title='bbox 1735 647 1792 689; x_wconf 82' lang='lat'>13</span> 
     </span>
     <span class='ocr_line' id='line_1_7' title="bbox 100 716 1708 779; baseline 0.002 -18"><span class='ocrx_word' id='word_1_51' title='bbox 100 733 300 779; x_wconf 89' lang='lat' dir='ltr'>unquam</span> <span class='ocrx_word' id='word_1_52' title='bbox 327 717 373 763; x_wconf 92' lang='lat' dir='ltr'>in</span> <span class='ocrx_word' id='word_1_53' title='bbox 398 718 523 764; x_wconf 90' lang='lat' dir='ltr'>bello</span> <span class='ocrx_word' id='word_1_54' title='bbox 547 718 714 763; x_wconf 76' lang='lat' dir='ltr'>tanta?</span> <span class='ocrx_word' id='word_1_55' title='bbox 752 717 832 779; x_wconf 91' lang='lat' dir='ltr'>qui</span> <span class='ocrx_word' id='word_1_56' title='bbox 856 717 1126 779; x_wconf 88' lang='lat' dir='ltr'>triumphus</span> <span class='ocrx_word' id='word_1_57' title='bbox 1152 716 1463 763; x_wconf 85' lang='lat' dir='ltr'>conferendus</span> <span class='ocrx_word' id='word_1_58' title='bbox 1485 717 1506 763; x_wconf 68' lang='grc' dir='ltr'>ἱ)</span> <span class='ocrx_word' id='word_1_59' title='bbox 1575 717 1708 764; x_wconf 81' lang='lat' dir='ltr'>Licet</span> 
     </span>
     <span class='ocr_line' id='line_1_8' title="bbox 97 791 1707 855; baseline 0.001 -19"><span class='ocrx_word' id='word_1_60' title='bbox 97 791 216 837; x_wconf 80' lang='lat' dir='ltr'>enim</span> <span class='ocrx_word' id='word_1_61' title='bbox 241 791 367 847; x_wconf 84' lang='lat' dir='ltr'>mihi,</span> <span class='ocrx_word' id='word_1_62' title='bbox 394 792 554 839; x_wconf 87' lang='lat' dir='ltr'>Marce</span> <span class='ocrx_word' id='word_1_63' title='bbox 580 792 658 847; x_wconf 86' lang='lat' dir='ltr'>fili,</span> <span class='ocrx_word' id='word_1_64' title='bbox 685 792 817 854; x_wconf 89' lang='lat' dir='ltr'>apud</span> <span class='ocrx_word' id='word_1_65' title='bbox 840 797 892 838; x_wconf 88' lang='lat' dir='ltr'>te</span> <span class='ocrx_word' id='word_1_66' title='bbox 911 791 1113 855; x_wconf 84' lang='lat' dir='ltr'>gloriari,</span> <span class='ocrx_word' id='word_1_67' title='bbox 1141 791 1202 837; x_wconf 90' lang='lat' dir='ltr'>ad</span> <span class='ocrx_word' id='word_1_68' title='bbox 1229 807 1371 854; x_wconf 92' lang='lat' dir='ltr'>quem</span> <span class='ocrx_word' id='word_1_69' title='bbox 1398 797 1445 838; x_wconf 83' lang='lat' dir='ltr'>et</span> <span class='ocrx_word' id='word_1_70' title='bbox 1469 792 1707 838; x_wconf 79' lang='lat' dir='ltr'>hereditas</span> 
     </span>
     <span class='ocr_line' id='line_1_9' title="bbox 98 865 1792 929; baseline 0.001 -18"><span class='ocrx_word' id='word_1_71' title='bbox 98 866 236 929; x_wconf 83' lang='lat' dir='ltr'>hujus</span> <span class='ocrx_word' id='word_1_72' title='bbox 277 866 439 929; x_wconf 84' lang='lat' dir='ltr'>gloriae</span> <span class='ocrx_word' id='word_1_73' title='bbox 476 873 524 913; x_wconf 88' lang='lat' dir='ltr'>et</span> <span class='ocrx_word' id='word_1_74' title='bbox 563 867 796 913; x_wconf 86' lang='lat' dir='ltr'>factorum</span> <span class='ocrx_word' id='word_1_75' title='bbox 833 866 1030 913; x_wconf 81' lang='lat' dir='ltr'>imitatio</span> <span class='ocrx_word' id='word_1_76' title='bbox 1072 866 1289 929; x_wconf 85' lang='lat' dir='ltr'>pertinet.</span> <span class='ocrx_word' id='word_1_77' title='bbox 1361 865 1477 913; x_wconf 90' lang='lat' dir='ltr'>Mihi</span> <span class='ocrx_word' id='word_1_78' title='bbox 1515 867 1705 929; x_wconf 86' lang='lat' dir='ltr'>quidem</span> <span class='ocrx_word' id='word_1_79' title='bbox 1735 871 1792 913; x_wconf 70' lang='lat'>14</span> 
     </span>
     <span class='ocr_line' id='line_1_10' title="bbox 97 941 1699 1004; baseline 0.001 -17"><span class='ocrx_word' id='word_1_80' title='bbox 97 948 221 987; x_wconf 90' lang='lat' dir='ltr'>certe</span> <span class='ocrx_word' id='word_1_81' title='bbox 256 942 325 987; x_wconf 88' lang='lat' dir='ltr'>vir</span> <span class='ocrx_word' id='word_1_82' title='bbox 355 942 601 988; x_wconf 90' lang='lat' dir='ltr'>abundans</span> <span class='ocrx_word' id='word_1_83' title='bbox 643 941 819 988; x_wconf 81' lang='lat' dir='ltr'>bellicis</span> <span class='ocrx_word' id='word_1_84' title='bbox 860 942 1080 988; x_wconf 84' lang='lat' dir='ltr'>laudibus</span> <span class='ocrx_word' id='word_1_85' title='bbox 1109 942 1194 988; x_wconf 87' lang='lat' dir='ltr'>Cn.</span> <span class='ocrx_word' id='word_1_86' title='bbox 1232 942 1502 1004; x_wconf 78' lang='lat' dir='ltr'>PompeiuS,</span> <span class='ocrx_word' id='word_1_87' title='bbox 1539 942 1699 988; x_wconf 90' lang='lat' dir='ltr'>multis</span> 
     </span>
     <span class='ocr_line' id='line_1_11' title="bbox 95 1016 1706 1080; baseline 0.001 -19"><span class='ocrx_word' id='word_1_88' title='bbox 95 1016 404 1071; x_wconf 82' lang='lat' dir='ltr'>audientibus,</span> <span class='ocrx_word' id='word_1_89' title='bbox 441 1017 532 1063; x_wconf 89' lang='lat' dir='ltr'>hoc</span> <span class='ocrx_word' id='word_1_90' title='bbox 573 1017 748 1071; x_wconf 80' lang='lat' dir='ltr'>tribuit,</span> <span class='ocrx_word' id='word_1_91' title='bbox 785 1022 840 1063; x_wconf 88' lang='lat' dir='ltr'>ut</span> <span class='ocrx_word' id='word_1_92' title='bbox 881 1017 1070 1071; x_wconf 87' lang='lat' dir='ltr'>diceret,</span> <span class='ocrx_word' id='word_1_93' title='bbox 1108 1018 1283 1063; x_wconf 86' lang='lat' dir='ltr'>frustra</span> <span class='ocrx_word' id='word_1_94' title='bbox 1324 1033 1374 1063; x_wconf 71' lang='lat' dir='ltr'>se</span> <span class='ocrx_word' id='word_1_95' title='bbox 1411 1017 1706 1080; x_wconf 86' lang='lat' dir='ltr'>triumphum</span> 
     </span>
     <span class='ocr_line' id='line_1_12' title="bbox 97 1091 1704 1155; baseline 0.002 -19"><span class='ocrx_word' id='word_1_96' title='bbox 97 1091 283 1137; x_wconf 87' lang='lat' dir='ltr'>tertium</span> <span class='ocrx_word' id='word_1_97' title='bbox 304 1091 663 1153; x_wconf 85' lang='lat' dir='ltr'>deportaturum</span> <span class='ocrx_word' id='word_1_98' title='bbox 686 1092 843 1146; x_wconf 86' lang='lat' dir='ltr'>fuisse,</span> <span class='ocrx_word' id='word_1_99' title='bbox 866 1091 953 1138; x_wconf 89' lang='lat' dir='ltr'>nisi</span> <span class='ocrx_word' id='word_1_100' title='bbox 976 1107 1082 1138; x_wconf 91' lang='lat' dir='ltr'>meo</span> <span class='ocrx_word' id='word_1_101' title='bbox 1106 1092 1152 1138; x_wconf 90' lang='lat' dir='ltr'>in</span> <span class='ocrx_word' id='word_1_102' title='bbox 1175 1108 1275 1138; x_wconf 90' lang='lat' dir='ltr'>rem</span> <span class='ocrx_word' id='word_1_103' title='bbox 1302 1092 1541 1155; x_wconf 85' lang='lat' dir='ltr'>publicam</span> <span class='ocrx_word' id='word_1_104' title='bbox 1566 1093 1704 1140; x_wconf 79' lang='lat' dir='ltr'>bene-</span> 
     </span>
     <span class='ocr_line' id='line_1_13' title="bbox 96 1166 1791 1230; baseline 0.002 -19"><span class='ocrx_word' id='word_1_105' title='bbox 96 1166 210 1220; x_wconf 88' lang='lat' dir='ltr'>ficio,</span> <span class='ocrx_word' id='word_1_106' title='bbox 231 1166 313 1212; x_wconf 91' lang='lat' dir='ltr'>ubi</span> <span class='ocrx_word' id='word_1_107' title='bbox 336 1166 660 1228; x_wconf 86' lang='lat' dir='ltr'>triumpharet,</span> <span class='ocrx_word' id='word_1_108' title='bbox 684 1173 807 1212; x_wconf 89' lang='lat' dir='ltr'>esset</span> <span class='ocrx_word' id='word_1_109' title='bbox 831 1167 1096 1213; x_wconf 89' lang='lat' dir='ltr'>habiturus.</span> <span class='ocrx_word' id='word_1_110' title='bbox 1169 1167 1294 1213; x_wconf 81' lang='lat' dir='ltr'>Sunt</span> <span class='ocrx_word' id='word_1_111' title='bbox 1317 1167 1461 1230; x_wconf 82' lang='lat' dir='ltr'>igitur</span> <span class='ocrx_word' id='word_1_112' title='bbox 1484 1167 1704 1214; x_wconf 83' lang='lat' dir='ltr'>domesti-</span> <span class='ocrx_word' id='word_1_113' title='bbox 1734 1173 1791 1215; x_wconf 77' lang='lat'>15</span> 
     </span>
     <span class='ocr_line' id='line_1_14' title="bbox 95 1239 1707 1305; baseline 0.002 -20"><span class='ocrx_word' id='word_1_114' title='bbox 95 1256 163 1286; x_wconf 77' lang='lat' dir='ltr'>cae</span> <span class='ocrx_word' id='word_1_115' title='bbox 199 1239 493 1286; x_wconf 87' lang='lat' dir='ltr'>fortitudines</span> <span class='ocrx_word' id='word_1_116' title='bbox 534 1256 626 1286; x_wconf 90' lang='lat' dir='ltr'>non</span> <span class='ocrx_word' id='word_1_117' title='bbox 665 1240 903 1287; x_wconf 87' lang='lat' dir='ltr'>inferiores</span> <span class='ocrx_word' id='word_1_118' title='bbox 939 1241 1248 1288; x_wconf 86' lang='lat' dir='ltr'>militaribus:</span> <span class='ocrx_word' id='word_1_119' title='bbox 1299 1242 1345 1288; x_wconf 93' lang='lat' dir='ltr'>in</span> <span class='ocrx_word' id='word_1_120' title='bbox 1387 1242 1557 1304; x_wconf 88' lang='lat' dir='ltr'>quibus</span> <span class='ocrx_word' id='word_1_121' title='bbox 1599 1242 1707 1305; x_wconf 89' lang='lat' dir='ltr'>plus</span> 
     </span>
     <span class='ocr_line' id='line_1_15' title="bbox 95 1315 1459 1380; baseline 0.001 -19"><span class='ocrx_word' id='word_1_122' title='bbox 95 1315 249 1370; x_wconf 86' lang='lat' dir='ltr'>etiam,</span> <span class='ocrx_word' id='word_1_123' title='bbox 277 1331 419 1377; x_wconf 87' lang='lat' dir='ltr'>quam</span> <span class='ocrx_word' id='word_1_124' title='bbox 443 1315 489 1361; x_wconf 89' lang='lat' dir='ltr'>in</span> <span class='ocrx_word' id='word_1_125' title='bbox 512 1315 598 1369; x_wconf 88' lang='lat' dir='ltr'>his,</span> <span class='ocrx_word' id='word_1_126' title='bbox 628 1330 786 1377; x_wconf 83' lang='lat' dir='ltr'>operae</span> <span class='ocrx_word' id='word_1_127' title='bbox 810 1315 1046 1378; x_wconf 88' lang='lat' dir='ltr'>studiique</span> <span class='ocrx_word' id='word_1_128' title='bbox 1076 1317 1348 1380; x_wconf 86' lang='lat' dir='ltr'>ponendum</span> <span class='ocrx_word' id='word_1_129' title='bbox 1374 1323 1459 1364; x_wconf 85' lang='lat' dir='ltr'>est.</span> 
     </span>
    </p>
   </div>
   <div class='ocr_carea' id='block_1_3' title="bbox 89 1464 1758 3103">
    <p class='ocr_par' dir='ltr' id='par_1_3' title="bbox 89 1464 1758 3103">
     <span class='ocr_line' id='line_1_16' title="bbox 159 1464 1706 1529; baseline 0.003 -18"><span class='ocrx_word' id='word_1_130' title='bbox 159 1466 343 1512; x_wconf 85' lang='lat' dir='ltr'>XXIII.</span> <span class='ocrx_word' id='word_1_131' title='bbox 384 1464 584 1511; x_wconf 88' lang='lat' dir='ltr'>Omnino</span> <span class='ocrx_word' id='word_1_132' title='bbox 618 1464 734 1511; x_wconf 90' lang='lat' dir='ltr'>illud</span> <span class='ocrx_word' id='word_1_133' title='bbox 772 1465 1040 1520; x_wconf 85' lang='lat' dir='ltr'>honestum,</span> <span class='ocrx_word' id='word_1_134' title='bbox 1068 1467 1196 1529; x_wconf 89' lang='lat' dir='ltr'>quod</span> <span class='ocrx_word' id='word_1_135' title='bbox 1234 1483 1290 1513; x_wconf 83' lang='lat' dir='ltr'>ex</span> <span class='ocrx_word' id='word_1_136' title='bbox 1329 1467 1483 1513; x_wconf 89' lang='lat' dir='ltr'>animo</span> <span class='ocrx_word' id='word_1_137' title='bbox 1523 1468 1706 1515; x_wconf 83' lang='lat' dir='ltr'>excelso</span> 
     </span>
     <span class='ocr_line' id='line_1_17' title="bbox 97 1539 1703 1605; baseline 0.002 -19"><span class='ocrx_word' id='word_1_138' title='bbox 97 1540 433 1604; x_wconf 84' lang='lat' dir='ltr'>magnificoque</span> <span class='ocrx_word' id='word_1_139' title='bbox 468 1539 733 1602; x_wconf 73' lang='lat' dir='ltr'>quaerimus,</span> <span class='ocrx_word' id='word_1_140' title='bbox 760 1540 901 1586; x_wconf 87' lang='lat' dir='ltr'>animi</span> <span class='ocrx_word' id='word_1_141' title='bbox 926 1541 1136 1596; x_wconf 86' lang='lat' dir='ltr'>efficitur,</span> <span class='ocrx_word' id='word_1_142' title='bbox 1164 1558 1258 1588; x_wconf 90' lang='lat' dir='ltr'>non</span> <span class='ocrx_word' id='word_1_143' title='bbox 1284 1543 1490 1605; x_wconf 87' lang='lat' dir='ltr'>corporis</span> <span class='ocrx_word' id='word_1_144' title='bbox 1517 1543 1703 1591; x_wconf 82' lang='lat' dir='ltr'>viribus,</span> 
     </span>
     <span class='ocr_line' id='line_1_18' title="bbox 97 1615 1706 1678; baseline 0.003 -18"><span class='ocrx_word' id='word_1_145' title='bbox 97 1615 421 1662; x_wconf 81' lang='lat' dir='ltr'>Exercendum</span> <span class='ocrx_word' id='word_1_146' title='bbox 457 1621 614 1661; x_wconf 86' lang='lat' dir='ltr'>tamen</span> <span class='ocrx_word' id='word_1_147' title='bbox 648 1631 819 1678; x_wconf 88' lang='lat' dir='ltr'>corpus</span> <span class='ocrx_word' id='word_1_148' title='bbox 847 1621 893 1661; x_wconf 86' lang='lat' dir='ltr'>et</span> <span class='ocrx_word' id='word_1_149' title='bbox 917 1615 982 1661; x_wconf 89' lang='lat' dir='ltr'>ita</span> <span class='ocrx_word' id='word_1_150' title='bbox 1005 1616 1303 1663; x_wconf 85' lang='lat' dir='ltr'>afficiendum</span> <span class='ocrx_word' id='word_1_151' title='bbox 1328 1623 1411 1672; x_wconf 90' lang='lat' dir='ltr'>est,</span> <span class='ocrx_word' id='word_1_152' title='bbox 1439 1623 1493 1664; x_wconf 89' lang='lat' dir='ltr'>ut</span> <span class='ocrx_word' id='word_1_153' title='bbox 1517 1618 1706 1665; x_wconf 84' lang='lat' dir='ltr'>obedire</span> 
     </span>
     <span class='ocr_line' id='line_1_19' title="bbox 94 1689 1707 1755; baseline 0.003 -20"><span class='ocrx_word' id='word_1_154' title='bbox 94 1691 281 1736; x_wconf 87' lang='lat' dir='ltr'>consilio</span> <span class='ocrx_word' id='word_1_155' title='bbox 305 1690 565 1752; x_wconf 83' lang='lat' dir='ltr'>rationique</span> <span class='ocrx_word' id='word_1_156' title='bbox 601 1689 750 1752; x_wconf 88' lang='lat' dir='ltr'>possit</span> <span class='ocrx_word' id='word_1_157' title='bbox 785 1689 831 1735; x_wconf 91' lang='lat' dir='ltr'>in</span> <span class='ocrx_word' id='word_1_158' title='bbox 867 1691 1155 1753; x_wconf 81' lang='lat' dir='ltr'>exequendis</span> <span class='ocrx_word' id='word_1_159' title='bbox 1180 1692 1379 1755; x_wconf 80' lang='lat' dir='ltr'>negotiis</span> <span class='ocrx_word' id='word_1_160' title='bbox 1405 1699 1452 1738; x_wconf 89' lang='lat' dir='ltr'>et</span> <span class='ocrx_word' id='word_1_161' title='bbox 1476 1693 1522 1739; x_wconf 91' lang='lat' dir='ltr'>in</span> <span class='ocrx_word' id='word_1_162' title='bbox 1546 1693 1707 1740; x_wconf 86' lang='lat' dir='ltr'>labore</span> 
     </span>
     <span class='ocr_line' id='line_1_20' title="bbox 95 1765 1758 1829; baseline 0.003 -19"><span class='ocrx_word' id='word_1_163' title='bbox 95 1765 349 1812; x_wconf 86' lang='lat' dir='ltr'>tolerando.</span> <span class='ocrx_word' id='word_1_164' title='bbox 410 1765 675 1811; x_wconf 88' lang='lat' dir='ltr'>Honestum</span> <span class='ocrx_word' id='word_1_165' title='bbox 700 1771 860 1811; x_wconf 85' lang='lat' dir='ltr'>autem</span> <span class='ocrx_word' id='word_1_166' title='bbox 886 1765 947 1820; x_wconf 91' lang='lat' dir='ltr'>id,</span> <span class='ocrx_word' id='word_1_167' title='bbox 974 1766 1102 1828; x_wconf 88' lang='lat' dir='ltr'>quod</span> <span class='ocrx_word' id='word_1_168' title='bbox 1128 1767 1431 1829; x_wconf 83' lang='lat' dir='ltr'>exquirimus,</span> <span class='ocrx_word' id='word_1_169' title='bbox 1454 1773 1609 1814; x_wconf 86' lang='lat' dir='ltr'>totum</span> <span class='ocrx_word' id='word_1_170' title='bbox 1635 1775 1705 1815; x_wconf 91' lang='lat' dir='ltr'>est</span> <span class='ocrx_word' id='word_1_171' title='bbox 1732 1775 1758 1815; x_wconf 83' lang='lat'><strong>2</strong></span> 
     </span>
     <span class='ocr_line' id='line_1_21' title="bbox 97 1840 1706 1904; baseline 0.002 -18"><span class='ocrx_word' id='word_1_172' title='bbox 97 1841 298 1903; x_wconf 83' lang='lat' dir='ltr'>positum</span> <span class='ocrx_word' id='word_1_173' title='bbox 334 1840 380 1886; x_wconf 88' lang='lat' dir='ltr'>in</span> <span class='ocrx_word' id='word_1_174' title='bbox 414 1840 554 1886; x_wconf 81' lang='lat' dir='ltr'>animi</span> <span class='ocrx_word' id='word_1_175' title='bbox 590 1856 702 1886; x_wconf 90' lang='lat' dir='ltr'>cura</span> <span class='ocrx_word' id='word_1_176' title='bbox 741 1846 788 1886; x_wconf 91' lang='lat' dir='ltr'>et</span> <span class='ocrx_word' id='word_1_177' title='bbox 824 1841 1135 1903; x_wconf 79' lang='lat' dir='ltr'>cogitatione:</span> <span class='ocrx_word' id='word_1_178' title='bbox 1174 1842 1220 1887; x_wconf 90' lang='lat' dir='ltr'>in</span> <span class='ocrx_word' id='word_1_179' title='bbox 1245 1858 1338 1904; x_wconf 90' lang='lat' dir='ltr'>quo</span> <span class='ocrx_word' id='word_1_180' title='bbox 1363 1859 1456 1888; x_wconf 89' lang='lat' dir='ltr'>non</span> <span class='ocrx_word' id='word_1_181' title='bbox 1481 1843 1706 1890; x_wconf 89' lang='lat' dir='ltr'>minorem</span> 
     </span>
     <span class='ocr_line' id='line_1_22' title="bbox 93 1915 1706 1981; baseline 0.002 -21"><span class='ocrx_word' id='word_1_182' title='bbox 93 1915 340 1962; x_wconf 88' lang='lat' dir='ltr'>utilitatem</span> <span class='ocrx_word' id='word_1_183' title='bbox 380 1915 595 1969; x_wconf 86' lang='lat' dir='ltr'>afferunt,</span> <span class='ocrx_word' id='word_1_184' title='bbox 634 1915 713 1977; x_wconf 90' lang='lat' dir='ltr'>qui</span> <span class='ocrx_word' id='word_1_185' title='bbox 753 1916 906 1978; x_wconf 78' lang='lat' dir='ltr'>togati</span> <span class='ocrx_word' id='word_1_186' title='bbox 946 1916 1014 1961; x_wconf 88' lang='lat' dir='ltr'>rei</span> <span class='ocrx_word' id='word_1_187' title='bbox 1056 1917 1259 1979; x_wconf 73' lang='lat' dir='ltr'>publicae</span> <span class='ocrx_word' id='word_1_188' title='bbox 1301 1925 1530 1980; x_wconf 80' lang='lat' dir='ltr'>praesunt„</span> <span class='ocrx_word' id='word_1_189' title='bbox 1564 1934 1706 1981; x_wconf 89' lang='lat' dir='ltr'>quam</span> 
     </span>
     <span class='ocr_line' id='line_1_23' title="bbox 93 1990 1758 2055; baseline 0.002 -19"><span class='ocrx_word' id='word_1_190' title='bbox 93 1990 172 2052; x_wconf 88' lang='lat' dir='ltr'>qui</span> <span class='ocrx_word' id='word_1_191' title='bbox 206 1990 384 2036; x_wconf 91' lang='lat' dir='ltr'>bellum</span> <span class='ocrx_word' id='word_1_192' title='bbox 425 1995 611 2053; x_wconf 82' lang='lat' dir='ltr'>gerunt.</span> <span class='ocrx_word' id='word_1_193' title='bbox 682 1991 853 2052; x_wconf 88' lang='lat' dir='ltr'>Itaque</span> <span class='ocrx_word' id='word_1_194' title='bbox 896 2006 1057 2036; x_wconf 86' lang='lat' dir='ltr'>eorum</span> <span class='ocrx_word' id='word_1_195' title='bbox 1097 1992 1288 2037; x_wconf 86' lang='lat' dir='ltr'>consilio</span> <span class='ocrx_word' id='word_1_196' title='bbox 1326 2009 1453 2055; x_wconf 83' lang='lat' dir='ltr'>saepe</span> <span class='ocrx_word' id='word_1_197' title='bbox 1495 2000 1578 2039; x_wconf 88' lang='lat' dir='ltr'>aut</span> <span class='ocrx_word' id='word_1_198' title='bbox 1611 2010 1705 2040; x_wconf 92' lang='lat' dir='ltr'>non</span> <span class='ocrx_word' id='word_1_199' title='bbox 1731 2000 1758 2041; x_wconf 86' lang='lat'><strong>3</strong></span> 
     </span>
     <span class='ocr_line' id='line_1_24' title="bbox 93 2064 1701 2129; baseline 0.002 -18"><span class='ocrx_word' id='word_1_200' title='bbox 93 2070 328 2127; x_wconf 84' lang='lat' dir='ltr'>suscepta,</span> <span class='ocrx_word' id='word_1_201' title='bbox 356 2070 439 2110; x_wconf 88' lang='lat' dir='ltr'>aut</span> <span class='ocrx_word' id='word_1_202' title='bbox 464 2064 679 2110; x_wconf 86' lang='lat' dir='ltr'>confecta</span> <span class='ocrx_word' id='word_1_203' title='bbox 703 2065 829 2110; x_wconf 85' lang='lat' dir='ltr'>bella</span> <span class='ocrx_word' id='word_1_204' title='bbox 853 2070 976 2119; x_wconf 89' lang='lat' dir='ltr'>sunt,</span> <span class='ocrx_word' id='word_1_205' title='bbox 1004 2081 1341 2129; x_wconf 87' lang='lat' dir='ltr'>nonnunquam</span> <span class='ocrx_word' id='word_1_206' title='bbox 1367 2067 1508 2114; x_wconf 87' lang='lat' dir='ltr'>etiam</span> <span class='ocrx_word' id='word_1_207' title='bbox 1543 2068 1701 2114; x_wconf 86' lang='lat' dir='ltr'>illata:</span> 
     </span>
     <span class='ocr_line' id='line_1_25' title="bbox 92 2138 1705 2204; baseline 0.002 -19"><span class='ocrx_word' id='word_1_208' title='bbox 92 2145 145 2185; x_wconf 89' lang='lat' dir='ltr'>ut</span> <span class='ocrx_word' id='word_1_209' title='bbox 169 2139 233 2186; x_wconf 91' lang='lat' dir='ltr'>M.</span> <span class='ocrx_word' id='word_1_210' title='bbox 262 2138 453 2185; x_wconf 84' lang='lat' dir='ltr'>Catonis</span> <span class='ocrx_word' id='word_1_211' title='bbox 479 2139 655 2186; x_wconf 88' lang='lat' dir='ltr'>bellum</span> <span class='ocrx_word' id='word_1_212' title='bbox 681 2139 872 2185; x_wconf 87' lang='lat' dir='ltr'>tertium</span> <span class='ocrx_word' id='word_1_213' title='bbox 897 2140 1146 2196; x_wconf 87' lang='lat' dir='ltr'>Punicum,</span> <span class='ocrx_word' id='word_1_214' title='bbox 1172 2141 1219 2187; x_wconf 94' lang='lat' dir='ltr'>in</span> <span class='ocrx_word' id='word_1_215' title='bbox 1244 2158 1338 2204; x_wconf 92' lang='lat' dir='ltr'>quo</span> <span class='ocrx_word' id='word_1_216' title='bbox 1364 2142 1508 2188; x_wconf 88' lang='lat' dir='ltr'>etiam</span> <span class='ocrx_word' id='word_1_217' title='bbox 1533 2143 1705 2189; x_wconf 88' lang='lat' dir='ltr'>mortui</span> 
     </span>
     <span class='ocr_line' id='line_1_26' title="bbox 93 2214 1757 2280; baseline 0.003 -21"><span class='ocrx_word' id='word_1_218' title='bbox 93 2214 237 2261; x_wconf 88' lang='lat' dir='ltr'>valuit</span> <span class='ocrx_word' id='word_1_219' title='bbox 260 2214 526 2260; x_wconf 86' lang='lat' dir='ltr'>auctoritas.</span> <span class='ocrx_word' id='word_1_220' title='bbox 599 2215 755 2270; x_wconf 80' lang='lat' dir='ltr'>Quare</span> <span class='ocrx_word' id='word_1_221' title='bbox 776 2215 1041 2277; x_wconf 86' lang='lat' dir='ltr'>expetenda</span> <span class='ocrx_word' id='word_1_222' title='bbox 1061 2216 1251 2278; x_wconf 89' lang='lat' dir='ltr'>quidem</span> <span class='ocrx_word' id='word_1_223' title='bbox 1276 2218 1425 2280; x_wconf 78' lang='lat' dir='ltr'>magis</span> <span class='ocrx_word' id='word_1_224' title='bbox 1447 2223 1519 2263; x_wconf 89' lang='lat' dir='ltr'>est</span> <span class='ocrx_word' id='word_1_225' title='bbox 1544 2217 1702 2265; x_wconf 85' lang='lat' dir='ltr'>decer-</span> <span class='ocrx_word' id='word_1_226' title='bbox 1729 2223 1757 2264; x_wconf 84' lang='lat'>4</span> 
     </span>
     <span class='ocr_line' id='line_1_27' title="bbox 95 2289 1704 2352; baseline 0.003 -18"><span class='ocrx_word' id='word_1_227' title='bbox 95 2289 231 2335; x_wconf 88' lang='lat' dir='ltr'>nendi</span> <span class='ocrx_word' id='word_1_228' title='bbox 254 2289 387 2344; x_wconf 89' lang='lat' dir='ltr'>ratio,</span> <span class='ocrx_word' id='word_1_229' title='bbox 410 2305 553 2352; x_wconf 89' lang='lat' dir='ltr'>quam</span> <span class='ocrx_word' id='word_1_230' title='bbox 580 2289 853 2336; x_wconf 87' lang='lat' dir='ltr'>decertandi</span> <span class='ocrx_word' id='word_1_231' title='bbox 875 2290 1128 2336; x_wconf 85' lang='lat' dir='ltr'>fortitudo:</span> <span class='ocrx_word' id='word_1_232' title='bbox 1167 2291 1251 2337; x_wconf 87' lang='lat' dir='ltr'>sed</span> <span class='ocrx_word' id='word_1_233' title='bbox 1277 2292 1554 2347; x_wconf 81' lang='lat' dir='ltr'>cavendum,</span> <span class='ocrx_word' id='word_1_234' title='bbox 1576 2310 1632 2339; x_wconf 91' lang='lat' dir='ltr'>ne</span> <span class='ocrx_word' id='word_1_235' title='bbox 1657 2293 1704 2340; x_wconf 91' lang='lat' dir='ltr'>id</span> 
     </span>
     <span class='ocr_line' id='line_1_28' title="bbox 93 2364 1705 2427; baseline 0.003 -17"><span class='ocrx_word' id='word_1_236' title='bbox 93 2364 296 2411; x_wconf 86' lang='lat' dir='ltr'>bellandi</span> <span class='ocrx_word' id='word_1_237' title='bbox 314 2364 466 2427; x_wconf 81' lang='lat' dir='ltr'>magis</span> <span class='ocrx_word' id='word_1_238' title='bbox 490 2364 621 2427; x_wconf 81' lang='lat' dir='ltr'>fuga,</span> <span class='ocrx_word' id='word_1_239' title='bbox 644 2380 786 2427; x_wconf 89' lang='lat' dir='ltr'>quam</span> <span class='ocrx_word' id='word_1_240' title='bbox 806 2365 1020 2411; x_wconf 85' lang='lat' dir='ltr'>utilitatis</span> <span class='ocrx_word' id='word_1_241' title='bbox 1039 2366 1217 2412; x_wconf 87' lang='lat' dir='ltr'>ratione</span> <span class='ocrx_word' id='word_1_242' title='bbox 1238 2367 1480 2415; x_wconf 83' lang='lat' dir='ltr'>faciamus.</span> <span class='ocrx_word' id='word_1_243' title='bbox 1519 2369 1705 2415; x_wconf 87' lang='lat' dir='ltr'>Bellum</span> 
     </span>
     <span class='ocr_line' id='line_1_29' title="bbox 92 2439 1702 2505; baseline 0.003 -21"><span class='ocrx_word' id='word_1_244' title='bbox 92 2444 250 2485; x_wconf 86' lang='lat' dir='ltr'>autem</span> <span class='ocrx_word' id='word_1_245' title='bbox 290 2439 355 2485; x_wconf 91' lang='lat' dir='ltr'>ita</span> <span class='ocrx_word' id='word_1_246' title='bbox 395 2439 691 2502; x_wconf 85' lang='lat' dir='ltr'>suscipiatur,</span> <span class='ocrx_word' id='word_1_247' title='bbox 729 2450 783 2485; x_wconf 87' lang='lat' dir='ltr'>ut</span> <span class='ocrx_word' id='word_1_248' title='bbox 823 2440 936 2486; x_wconf 90' lang='lat' dir='ltr'>nihil</span> <span class='ocrx_word' id='word_1_249' title='bbox 979 2441 1108 2486; x_wconf 88' lang='lat' dir='ltr'>aliud</span> <span class='ocrx_word' id='word_1_250' title='bbox 1149 2441 1236 2488; x_wconf 91' lang='lat' dir='ltr'>nisi</span> <span class='ocrx_word' id='word_1_251' title='bbox 1279 2458 1371 2505; x_wconf 86' lang='lat' dir='ltr'>pax</span> <span class='ocrx_word' id='word_1_252' title='bbox 1407 2443 1604 2505; x_wconf 83' lang='lat' dir='ltr'>quaesita</span> <span class='ocrx_word' id='word_1_253' title='bbox 1638 2444 1702 2489; x_wconf 88' lang='lat' dir='ltr'>vi·</span> 
     </span>
     <span class='ocr_line' id='line_1_30' title="bbox 93 2513 1756 2579; baseline 0.004 -20"><span class='ocrx_word' id='word_1_254' title='bbox 93 2513 274 2560; x_wconf 86' lang='lat' dir='ltr'>deatur.</span> <span class='ocrx_word' id='word_1_255' title='bbox 346 2514 500 2560; x_wconf 89' lang='lat' dir='ltr'>Fortis</span> <span class='ocrx_word' id='word_1_256' title='bbox 525 2530 636 2560; x_wconf 89' lang='lat' dir='ltr'>vero</span> <span class='ocrx_word' id='word_1_257' title='bbox 664 2520 710 2560; x_wconf 89' lang='lat' dir='ltr'>et</span> <span class='ocrx_word' id='word_1_258' title='bbox 736 2515 994 2561; x_wconf 85' lang='lat' dir='ltr'>constantis</span> <span class='ocrx_word' id='word_1_259' title='bbox 1030 2521 1115 2571; x_wconf 89' lang='lat' dir='ltr'>est,</span> <span class='ocrx_word' id='word_1_260' title='bbox 1143 2533 1238 2562; x_wconf 92' lang='lat' dir='ltr'>non</span> <span class='ocrx_word' id='word_1_261' title='bbox 1273 2518 1539 2579; x_wconf 84' lang='lat' dir='ltr'>perturbari</span> <span class='ocrx_word' id='word_1_262' title='bbox 1565 2518 1608 2563; x_wconf 92' lang='lat' dir='ltr'>in</span> <span class='ocrx_word' id='word_1_263' title='bbox 1632 2535 1701 2565; x_wconf 87' lang='lat' dir='ltr'>re-</span> <span class='ocrx_word' id='word_1_264' title='bbox 1730 2527 1756 2566; x_wconf 87' lang='lat'>5</span> 
     </span>
     <span class='ocr_line' id='line_1_31' title="bbox 93 2588 1702 2654; baseline 0.002 -20"><span class='ocrx_word' id='word_1_265' title='bbox 93 2588 180 2635; x_wconf 91' lang='lat' dir='ltr'>bus</span> <span class='ocrx_word' id='word_1_266' title='bbox 215 2588 407 2651; x_wconf 49' lang='lat' dir='ltr'>asperia</span> <span class='ocrx_word' id='word_1_267' title='bbox 434 2605 519 2635; x_wconf 88' lang='lat' dir='ltr'>nec</span> <span class='ocrx_word' id='word_1_268' title='bbox 544 2590 913 2637; x_wconf 85' lang='lat' dir='ltr'>tumultuantem</span> <span class='ocrx_word' id='word_1_269' title='bbox 953 2591 1013 2637; x_wconf 87' lang='lat' dir='ltr'>de</span> <span class='ocrx_word' id='word_1_270' title='bbox 1046 2591 1215 2654; x_wconf 79' lang='lat' dir='ltr'>gradu.</span> <span class='ocrx_word' id='word_1_271' title='bbox 1237 2591 1389 2654; x_wconf 86' lang='lat' dir='ltr'>dejici,</span> <span class='ocrx_word' id='word_1_272' title='bbox 1417 2599 1471 2638; x_wconf 89' lang='lat' dir='ltr'>ut</span> <span class='ocrx_word' id='word_1_273' title='bbox 1506 2593 1702 2648; x_wconf 86' lang='lat' dir='ltr'>dicitur;</span> 
     </span>
     <span class='ocr_line' id='line_1_32' title="bbox 91 2663 1701 2726; baseline 0.004 -18"><span class='ocrx_word' id='word_1_274' title='bbox 91 2663 174 2720; x_wconf 81' lang='lat' dir='ltr'>scd</span> <span class='ocrx_word' id='word_1_275' title='bbox 212 2663 432 2726; x_wconf 85' lang='lat' dir='ltr'>praesenti</span> <span class='ocrx_word' id='word_1_276' title='bbox 465 2664 622 2710; x_wconf 89' lang='lat' dir='ltr'>animo</span> <span class='ocrx_word' id='word_1_277' title='bbox 646 2664 716 2710; x_wconf 85' lang='lat' dir='ltr'>uti</span> <span class='ocrx_word' id='word_1_278' title='bbox 740 2670 787 2711; x_wconf 90' lang='lat' dir='ltr'>et</span> <span class='ocrx_word' id='word_1_279' title='bbox 814 2665 1019 2720; x_wconf 87' lang='lat' dir='ltr'>consilio,</span> <span class='ocrx_word' id='word_1_280' title='bbox 1046 2680 1134 2712; x_wconf 89' lang='lat' dir='ltr'>nec</span> <span class='ocrx_word' id='word_1_281' title='bbox 1168 2682 1196 2711; x_wconf 88' lang='lat' dir='ltr'>a</span> <span class='ocrx_word' id='word_1_282' title='bbox 1231 2667 1411 2713; x_wconf 85' lang='lat' dir='ltr'>ratione</span> <span class='ocrx_word' id='word_1_283' title='bbox 1447 2668 1701 2715; x_wconf 84' lang='lat' dir='ltr'>discedere.</span> 
     </span>
     <span class='ocr_line' id='line_1_33' title="bbox 93 2739 1754 2806; baseline 0.003 -23"><span class='ocrx_word' id='word_1_284' title='bbox 93 2739 389 2801; x_wconf 80' lang='lat' dir='ltr'>Quamquam</span> <span class='ocrx_word' id='word_1_285' title='bbox 422 2739 512 2785; x_wconf 87' lang='lat' dir='ltr'>hoc</span> <span class='ocrx_word' id='word_1_286' title='bbox 548 2739 700 2794; x_wconf 87' lang='lat' dir='ltr'>animi,</span> <span class='ocrx_word' id='word_1_287' title='bbox 736 2740 853 2786; x_wconf 88' lang='lat' dir='ltr'>illud</span> <span class='ocrx_word' id='word_1_288' title='bbox 890 2740 1031 2786; x_wconf 84' lang='lat' dir='ltr'>etiam</span> <span class='ocrx_word' id='word_1_289' title='bbox 1066 2740 1237 2804; x_wconf 82' lang='lat' dir='ltr'>ingenii</span> <span class='ocrx_word' id='word_1_290' title='bbox 1276 2742 1434 2806; x_wconf 81' lang='lat' dir='ltr'>magni</span> <span class='ocrx_word' id='word_1_291' title='bbox 1471 2749 1555 2797; x_wconf 87' lang='lat' dir='ltr'>est,</span> <span class='ocrx_word' id='word_1_292' title='bbox 1584 2758 1701 2805; x_wconf 87' lang='lat' dir='ltr'>prae-</span> <span class='ocrx_word' id='word_1_293' title='bbox 1729 2747 1754 2788; x_wconf 80' lang='grc'><strong>6</strong></span> 
     </span>
     <span class='ocr_line' id='line_1_34' title="bbox 92 2813 1702 2879; baseline 0.002 -20"><span class='ocrx_word' id='word_1_294' title='bbox 92 2815 243 2877; x_wconf 87' lang='lat' dir='ltr'>cipere</span> <span class='ocrx_word' id='word_1_295' title='bbox 270 2813 550 2877; x_wconf 85' lang='lat' dir='ltr'>cogitatione</span> <span class='ocrx_word' id='word_1_296' title='bbox 575 2815 748 2869; x_wconf 84' lang='lat' dir='ltr'>futura,</span> <span class='ocrx_word' id='word_1_297' title='bbox 776 2821 824 2861; x_wconf 85' lang='lat' dir='ltr'>et</span> <span class='ocrx_word' id='word_1_298' title='bbox 848 2815 1087 2878; x_wconf 82' lang='lat' dir='ltr'>aliquanto</span> <span class='ocrx_word' id='word_1_299' title='bbox 1124 2822 1232 2862; x_wconf 89' lang='lat' dir='ltr'>ante</span> <span class='ocrx_word' id='word_1_300' title='bbox 1260 2817 1559 2871; x_wconf 87' lang='lat' dir='ltr'>constituere,</span> <span class='ocrx_word' id='word_1_301' title='bbox 1589 2816 1702 2879; x_wconf 87' lang='lat' dir='ltr'>quid</span> 
     </span>
     <span class='ocr_line' id='line_1_35' title="bbox 90 2888 1699 2954; baseline 0 -19"><span class='ocrx_word' id='word_1_302' title='bbox 90 2888 301 2935; x_wconf 83' lang='lat' dir='ltr'>accidere</span> <span class='ocrx_word' id='word_1_303' title='bbox 338 2888 486 2951; x_wconf 86' lang='lat' dir='ltr'>possit</span> <span class='ocrx_word' id='word_1_304' title='bbox 520 2889 566 2934; x_wconf 88' lang='lat' dir='ltr'>in</span> <span class='ocrx_word' id='word_1_305' title='bbox 602 2894 852 2952; x_wconf 88' lang='lat' dir='ltr'>utramque</span> <span class='ocrx_word' id='word_1_306' title='bbox 894 2896 1090 2952; x_wconf 88' lang='lat' dir='ltr'>partem,</span> <span class='ocrx_word' id='word_1_307' title='bbox 1118 2896 1165 2936; x_wconf 89' lang='lat' dir='ltr'>et</span> <span class='ocrx_word' id='word_1_308' title='bbox 1200 2891 1313 2953; x_wconf 83' lang='lat' dir='ltr'>quid</span> <span class='ocrx_word' id='word_1_309' title='bbox 1353 2892 1591 2954; x_wconf 83' lang='lat' dir='ltr'>agendum</span> <span class='ocrx_word' id='word_1_310' title='bbox 1626 2890 1699 2945; x_wconf 86' lang='lat' dir='ltr'>sit,</span> 
     </span>
     <span class='ocr_line' id='line_1_36' title="bbox 91 2963 1700 3027; baseline 0.002 -19"><span class='ocrx_word' id='word_1_311' title='bbox 91 2979 198 3009; x_wconf 90' lang='lat' dir='ltr'>cum</span> <span class='ocrx_word' id='word_1_312' title='bbox 223 2963 336 3026; x_wconf 92' lang='lat' dir='ltr'>quid</span> <span class='ocrx_word' id='word_1_313' title='bbox 361 2963 592 3018; x_wconf 83' lang='lat' dir='ltr'>evenerit3</span> <span class='ocrx_word' id='word_1_314' title='bbox 629 2980 715 3010; x_wconf 90' lang='lat' dir='ltr'>nec</span> <span class='ocrx_word' id='word_1_315' title='bbox 741 2965 1047 3018; x_wconf 81' lang='lat' dir='ltr'>committere,</span> <span class='ocrx_word' id='word_1_316' title='bbox 1074 2970 1127 3011; x_wconf 90' lang='lat' dir='ltr'>ut</span> <span class='ocrx_word' id='word_1_317' title='bbox 1161 2965 1413 3027; x_wconf 87' lang='lat' dir='ltr'>aliquando</span> <span class='ocrx_word' id='word_1_318' title='bbox 1449 2965 1700 3011; x_wconf 87' lang='lat' dir='ltr'>dicendum</span> 
     </span>
     <span class='ocr_line' id='line_1_37' title="bbox 89 3036 1698 3103; baseline 0 -19"><span class='ocrx_word' id='word_1_319' title='bbox 89 3036 152 3084; x_wconf 82' lang='lat' dir='ltr'>sit</span> <span class='ocrx_word' id='word_1_320' title='bbox 172 3054 261 3084; x_wconf 77' lang='lat' dir='ltr'>non</span> <span class='ocrx_word' id='word_1_321' title='bbox 290 3045 530 3098; x_wconf 83' lang='lat' dir='ltr'>putaram.</span> <span class='ocrx_word' id='word_1_322' title='bbox 603 3038 720 3085; x_wconf 78' lang='lat' dir='ltr'>Haec</span> <span class='ocrx_word' id='word_1_323' title='bbox 747 3044 857 3084; x_wconf 84' lang='lat' dir='ltr'>sunt</span> <span class='ocrx_word' id='word_1_324' title='bbox 893 3054 1039 3102; x_wconf 86' lang='lat' dir='ltr'>opera</span> <span class='ocrx_word' id='word_1_325' title='bbox 1074 3040 1232 3103; x_wconf 82' lang='lat' dir='ltr'>magni</span> <span class='ocrx_word' id='word_1_326' title='bbox 1257 3039 1397 3085; x_wconf 88' lang='lat' dir='ltr'>animi</span> <span class='ocrx_word' id='word_1_327' title='bbox 1433 3044 1480 3085; x_wconf 89' lang='lat' dir='ltr'>et</span> <span class='ocrx_word' id='word_1_328' title='bbox 1513 3038 1698 3092; x_wconf 82' lang='lat' dir='ltr'>excelsi.</span> 
     </span>
    </p>
   </div>
  </div>
 </body>
</html>
