2054 3470
690 243 828 272 ωΕΕκ
854 244 922 273 111.
995 243 1104 273 CAP.
1132 245 1206 273 xv.
1685 233 1773 275 103

88 349 265 396 multa?
292 350 526 412 impetrat.
577 350 702 396 Emit
717 350 859 395 homo
876 349 1075 412 cupidus
1092 356 1139 396 et
1154 349 1364 412 locuples
1382 350 1511 404 tanti,
1530 350 1691 411 quanti

87 424 288 487 Pythius
313 424 473 478 voluit,
501 431 549 470 et
584 424 697 471 emit
730 424 998 470 instructos
1069 424 1274 470 Nomina
1297 425 1421 477 facit,
1448 424 1690 487 negotium

84 499 280 546 conficit.
350 498 523 545 Invitat
540 499 713 545 Canius
739 499 963 562 postridie
983 499 1233 545 familiares
1252 515 1374 545 SUOS.
1430 499 1572 545 Venit
1590 499 1690 562 ipse
1717 504 1744 545 8

85 580 277 621 mature.
349 574 592 620 Scalmum
616 575 799 620 nullum
818 574 960 620 videt.
1017 574 1194 630 Quaerit
1216 590 1273 620 ex
1293 573 1504 636 proximo
1522 574 1688 629 vicino,

83 665 194 694 num
232 649 357 694 feriae
394 649 615 711 quaedam
654 649 941 712 piscatorum
980 656 1150 703 essent,
1178 650 1306 711 quod
1332 665 1411 695 eos
1447 649 1600 695 nullos
1624 649 1688 695 vi-

83 724 228 771 deret.
299 724 470 779 Nullae,
497 724 623 786 quod
650 724 809 779 sciam,
835 724 911 769 ille
949 724 1112 786 inquit,
1141 725 1224 770 sed
1263 724 1337 770 hic
1374 723 1543 786 piscari
1575 723 1690 770 nulli

82 798 231 844 solent
251 814 259 843 :
286 798 443 860 itaque
462 799 562 844 heri
580 799 798 854 mirabar,
821 798 935 861 quid
954 799 1216 845 accidisset.
1288 798 1582 844 Stomachari
1600 798 1687 844 Ca-

84 873 196 918 nius.
268 873 366 919 Sed
382 874 495 935 quid
512 874 725 920 faceret?
787 874 1013 920 Nondum
1033 874 1154 919 enim
1175 874 1425 936 Aquillius,
1447 873 1626 937 collega
1643 879 1690 919 et
1716 878 1744 918 9

83 947 315 994 familiaris
352 965 499 1003 meus,
528 949 789 1011 protulerat
814 949 873 995 de
900 949 1009 995 dolo
1038 949 1161 994 malo
1196 949 1435 995 formulas.
1506 950 1564 994 In
1588 948 1685 1011 qui-
1717 953 1775 994 10

82 1022 170 1069 bus
210 1023 321 1086 ipsis
363 1040 470 1070 cum
512 1040 571 1069 ex
606 1040 661 1070 eo
697 1031 1000 1086 quaererctur,
1027 1024 1140 1086 quid
1181 1030 1306 1070 esset
1348 1024 1484 1070 dolus
1519 1024 1686 1078 malus,

81 1099 412 1160 respondebat,
432 1115 539 1145 cum
565 1105 688 1145 esset
714 1099 841 1145 aliud
865 1099 1152 1153 simulatum,
1172 1098 1300 1145 aliud
1336 1105 1512 1145 actum.
1582 1099 1688 1145 Hoc

81 1174 270 1236 quidem
295 1189 405 1219 sane
430 1173 679 1227 luculente,
694 1179 748 1219 ut
772 1175 831 1220 ab
856 1174 1042 1219 homine
1068 1174 1219 1236 perito
1239 1173 1500 1220 definiendi.
1556 1174 1687 1237 Ergo
1716 1179 1771 1221 1'2.

81 1255 128 1295 et
151 1248 352 1310 Pythius
393 1254 441 1294 et
478 1264 640 1294 omnes
679 1248 807 1294 aliud
846 1254 1055 1311 agentes,
1083 1249 1211 1295 aliud
1250 1248 1536 1302 simulantes,
1579 1264 1683 1311 per-

81 1323 173 1377 fidi,
199 1323 413 1385 improbi,
439 1323 668 1369 malitiosi.
742 1323 939 1368 Nullum
964 1323 1107 1386 igitur
1132 1339 1293 1369 eorum
1319 1323 1499 1368 factum
1525 1330 1684 1385 potest

82 1399 193 1444 utile
219 1410 337 1452 esse,
365 1415 472 1444 cum
499 1398 557 1443 sit
581 1404 652 1444 tot
678 1398 799 1443 vitiis
825 1398 1132 1460 inquinatum.

145 1549 251 1595 XV.
280 1547 459 1604 Quodsi
475 1547 743 1610 Aquilliana
760 1548 966 1594 definitio
987 1565 1094 1595 vera
1116 1555 1200 1603 est,
1217 1565 1275 1594 cx
1295 1549 1418 1595 omni
1438 1549 1531 1594 vita
1548 1549 1676 1595 simu·

82 1625 191 1670 latio
218 1623 620 1685 dissimulatioque
645 1623 853 1669 tollenda
879 1630 962 1670 est.
1035 1625 1110 1670 Ita
1146 1640 1230 1670 nec
1266 1630 1319 1670 ut
1358 1630 1484 1670 emat
1507 1624 1686 1678 meliuS,

85 1716 171 1746 nec
197 1706 250 1745 ut
275 1699 461 1752 vendat,
480 1699 731 1760 quicquam
752 1699 988 1745 simulabit
1007 1705 1090 1744 aut
1110 1699 1420 1745 dissimulabit
1435 1699 1504 1744 vir
1519 1699 1684 1745 bonus.

81 1777 242 1838 Atque
267 1775 352 1821 istc
378 1775 514 1821 dolus
539 1775 689 1820 malus
715 1782 762 1820 et
785 1774 969 1838 legibus
1006 1781 1106 1820 erat
1129 1774 1406 1829 vindicatus,
1442 1773 1516 1836 (ut
1542 1774 1687 1820 tutela
1714 1779 1739 1819 2

81 1850 328 1897 duodecim
344 1850 529 1903 tabulis,
545 1849 912 1912 circumscriptio
931 1849 1299 1895 adolescentium
1312 1849 1418 1912 lege
1429 1847 1685 1912 Plaetoria,)

81 1933 127 1971 et
143 1925 238 1972 sine
254 1926 358 1988 lege
371 1924 572 1987 judiciis,
589 1924 634 1969 in
651 1924 819 1986 quibus
834 1924 1024 1969 additur
1064 1941 1092 1969 E
1106 1941 1134 1969 X
1173 1941 1201 1969 E
1213 1941 1229 1969 1
1241 1940 1270 1968 D
1285 1940 1313 1968 E
1356 1940 1383 1969 B
1398 1940 1424 1970 0
1438 1941 1468 1969 N
1480 1939 1511 1969 A
1524 1961 1535 1975 ,
1595 1924 1687 1969 Re·
1713 1930 1740 1969 3

80 2001 312 2063 liquorum
336 2005 494 2045 autem
516 1998 801 2061 judiciorum
824 1999 925 2045 haec
946 1999 1089 2045 verba
1116 1999 1314 2045 maxime
1340 1999 1603 2046 excellunt:
1640 1999 1687 2044 in

80 2075 269 2122 arbitrio
292 2074 358 2120 rei
381 2074 567 2128 uxoriae,
605 2090 640 2119 M
657 2090 684 2119 E
702 2090 727 2118 L
744 2090 835 2120 rus
880 2091 924 2120 AE
939 2091 1009 2126 Qu
1024 2091 1084 2121 Iu
1101 2091 1122 2120 s
1145 2090 1154 2120 ε
1191 2075 1237 2120 in
1261 2074 1446 2129 fiducia,
1490 2091 1558 2121 UT
1603 2091 1685 2120 IN-

79 2167 193 2196 TER
240 2165 441 2196 BoNos
489 2165 649 2194 BENE
692 2164 897 2196 AGIER.
969 2149 1092 2205 Quid
1113 2150 1260 2213 ergo?
1294 2155 1376 2195 aut
1399 2150 1444 2196 in
1469 2143 1538 2204 eo,
1559 2150 1684 2212 quod
1713 2154 1741 2195 4

80 2242 156 2271 ME
171 2242 266 2272 Lm
280 2241 302 2271 s
349 2242 392 2271 AE
405 2241 503 2277 QUI
517 2240 548 2270 U
561 2241 605 2278 s,
647 2230 803 2287 potest
821 2225 916 2271 ulla
936 2241 1044 2287 pars
1063 2225 1212 2271 inesse
1231 2225 1438 2271 fraudis?
1464 2232 1559 2279 aut,
1579 2242 1686 2271 cum

85 2301 250 2347 dicitur
283 2317 301 2346 1
315 2316 422 2345 NTE
436 2316 467 2345 R
507 2316 534 2345 Β
550 2316 621 2346 ON
637 2315 696 2346 os
738 2316 766 2345 Β
781 2317 849 2346 ΕΝ
863 2317 891 2346 E
931 2317 962 2346 A
978 2317 1138 2355 (ΗΕΒ,
1166 2301 1414 2363 quicquam
1431 2301 1510 2363 agi
1526 2300 1686 2346 dolose

81 2382 163 2422 aut
186 2375 413 2421 malitiose
438 2376 633 2438 potest?
704 2376 855 2421 Dolus
881 2383 1040 2422 autem
1065 2376 1217 2421 malus
1236 2375 1282 2421 in
1303 2376 1613 2430 simulatione,
1631 2382 1685 2420 ut
1712 2383 1738 2423 5

82 2451 144 2497 ait
161 2451 411 2513 Aquillius,
435 2450 710 2498 continetur.
780 2451 1059 2497 Tollendum
1086 2457 1157 2497 est
1181 2451 1324 2514 igitur
1342 2467 1398 2497 ex
1417 2451 1558 2497 rebus
1578 2467 1685 2496 con-

82 2526 318 2573 trahendis
338 2541 473 2572 omne
492 2525 805 2573 mendacium.
877 2527 986 2572 Non
1005 2526 1328 2572 inlicitatorem
1346 2526 1573 2579 venditor,
1593 2541 1685 2571 non
1712 2531 1738 2572 6

82 2601 162 2663 qui
196 2606 358 2647 contra
392 2601 651 2655 reliceatur‚
680 2607 866 2664 emptor
900 2607 1121 2664 apponet.
1192 2601 1418 2663 Uterque,
1446 2601 1482 2646 si
1507 2601 1566 2646 ad
1593 2600 1685 2647 elo-

84 2675 323 2738 quendum
347 2675 538 2729 venerit,
565 2692 659 2722 non
685 2677 806 2739 plus,
829 2692 968 2739 quam
994 2676 1152 2730 semel,
1174 2676 1430 2738 eloquetur.
1503 2676 1557 2732 Q.
1585 2675 1682 2738 qui·
1712 2675 1736 2721 7

88 2751 191 2796 dem
218 2750 444 2804 Scaevola,
470 2751 525 2797 P.
552 2750 620 2804 F„
649 2767 757 2797 cum
793 2751 1096 2814 postulasset,
1122 2757 1177 2797 ut
1212 2751 1298 2797 sibi
1332 2750 1521 2805 fundus,
1550 2751 1684 2813 cujus

83 2832 266 2888 emptor
300 2830 414 2879 erat,
452 2825 597 2871 semel
633 2826 930 2880 indicaretur,
957 2826 1101 2888 idque
1136 2826 1351 2872 venditor
1384 2825 1448 2871 ita
1482 2825 1682 2880 fecisset,

82 2897 211 2955 dixit,
239 2915 289 2946 se
314 2899 460 2962 pluris
486 2899 742 2947 aestimare:
779 2901 960 2947 addidit
986 2907 1176 2948 centum
1210 2901 1348 2948 milia.
1418 2900 1570 2946 Nemo
1596 2905 1680 2953 est,
1722 2904 1747 2946 Β

83 2975 162 3037 qui
197 2975 287 3022 hoc
313 2974 396 3021 viri
431 2974 540 3021 boni
577 2975 719 3021 fuisse
754 2981 923 3039 neget;
961 2976 1196 3038 sapientis,
1222 2980 1423 3039 negant:
1460 2979 1515 3020 ut
1539 2973 1576 3019 si
1598 2973 1682 3019 mi-

85 3049 220 3106 noris,
247 3065 387 3115 quam
423 3049 670 3113 potuisset,
696 3050 998 3097 vendidisset.
1070 3050 1187 3096 Haec
1212 3049 1356 3113 igitur
1380 3054 1451 3094 est
1475 3048 1552 3094 illa
1577 3063 1681 3106 per·
1708 3053 1736 3095 9
