2054 3470
244 222 336 265 118
962 233 1019 261 ms
1048 231 1258 263 ormous

242 346 300 387 12
394 342 520 388 Nam
545 341 661 388 illud
688 340 893 404 quidem,

568 436 734 496 ,Neque
757 435 874 489 dedi,
903 451 1043 495 neque
1067 435 1125 481 do
1149 435 1331 495 infideli
1357 434 1591 494 cuiquam,

326 525 499 572 idcirco
532 531 659 571 recte
685 541 712 570 a
738 532 892 588 poeta,
921 524 1042 587 quia,
1071 541 1178 571 cum
1204 528 1488 569 tractaretur
1512 523 1706 579 Atreus,
1735 537 1941 586 personae

245 606 304 647 13
332 600 630 646 serviendum
657 601 758 647 fuit.
832 600 929 646 Sed
955 600 991 645 si
1017 601 1105 646 hoc
1131 599 1217 646 sibi
1241 605 1447 652 sumunt,
1466 598 1642 644 nullam
1662 615 1764 644 esse
1789 598 1943 651 fidem,

327 693 433 739 quae
475 676 650 723 infideli
674 677 787 723 data
823 677 894 732 sit,
922 676 1124 731 videant,
1152 692 1209 721 ne
1237 680 1476 738 quaeratur
1508 675 1690 722 latebra
1726 674 1944 738 perjurio.

243 756 300 799 14
327 752 414 798 Est
449 751 529 815 jus
564 752 705 798 etiam
743 753 978 805 bellicum,
1023 751 1233 814 fidesque
1265 749 1383 813 juris
1416 750 1607 813 jurandi
1659 766 1785 813 saepe
1838 765 1944 796 cum

243 832 299 874 15
327 827 462 873 hoste
488 827 734 874 servanda.
806 827 945 883 Quod
971 827 1093 872 enim
1118 827 1182 872 ita
1203 827 1416 889 juratum
1443 832 1528 880 est,
1554 831 1609 871 ut
1633 841 1768 871 mens
1795 825 1944 872 conci-

329 908 463 965 peret
487 902 586 948 fieri
610 908 843 964 oportere,
870 903 917 948 id
943 902 1229 948 servandum
1254 907 1352 946 est:
1391 901 1519 963 quod
1544 900 1691 955 aliter,
1718 900 1764 946 id
1792 900 1826 947 si
1854 917 1945 946 non

243 981 300 1023 16
327 977 506 1032 feceris,
534 978 717 1023 nullum
754 983 828 1023 est
866 977 1141 1040 perjurium.
1213 977 1296 1030 Ut,
1336 976 1373 1022 si
1412 976 1714 1038 praedonibus
1750 982 1944 1038 pactum

327 1068 413 1114 pro
450 1052 604 1114 capite
640 1053 844 1115 pretium
871 1069 963 1099 non
989 1051 1215 1106 attuleris,
1244 1051 1372 1097 nulla
1405 1051 1536 1097 fraus
1563 1056 1648 1106 est,
1675 1067 1733 1097 ne
1759 1050 1797 1097 si
1817 1051 1945 1114 jura-

243 1127 298 1173 17
327 1133 403 1173 tus
429 1127 619 1190 quidem
644 1127 692 1173 id
717 1144 809 1173 non
834 1128 1013 1174 feceris.
1085 1127 1211 1173 Nam
1240 1126 1389 1189 pirata
1413 1143 1507 1172 non
1532 1132 1604 1172 est
1630 1126 1944 1190 perduellium

325 1191 520 1248 numero
546 1202 779 1258 definitus,
807 1203 889 1249 sed
916 1202 1175 1249 communis
1212 1202 1360 1247 hostis
1397 1201 1622 1248 omnium.
1696 1202 1820 1248 Cum
1855 1202 1946 1250 hoo

244 1283 300 1324 18
327 1294 411 1323 nec
436 1278 553 1323 fides
574 1277 716 1324 debet
742 1294 827 1324 nec
843 1278 921 1340 jus
943 1278 1201 1340 jurandum
1228 1292 1328 1322 esse
1350 1293 1615 1324 commune.
1687 1277 1798 1323 Non
1824 1277 1945 1323 enim

325 1353 498 1398 falsum
537 1353 713 1415 jurare,
759 1353 1002 1415 perjurare
1044 1358 1139 1406 est3
1178 1352 1276 1406 sed,
1317 1352 1446 1414 quod
1487 1369 1563 1398 Ex
1599 1367 1804 1398 AN1MI
1839 1369 1945 1399 Tul

327 1444 347 1473 s
365 1445 392 1472 E
412 1444 441 1473 N
459 1445 483 1473 T
500 1445 526 1472 E
547 1445 577 1473 N
595 1445 619 1473 Τ
637 1445 653 1473 Ι
671 1443 701 1472 A
735 1428 922 1491 juraris,
950 1427 1070 1473 sicut
1106 1427 1259 1473 verbis
1305 1427 1565 1489 concipitur
1601 1443 1731 1473 more
1770 1434 1940 1482 nostro,

244 1508 299 1548 19
327 1503 373 1548 id
401 1520 490 1548 non
517 1503 686 1557 facere,
713 1502 973 1566 perjurium
999 1508 1084 1548 cst.
1156 1501 1284 1548 Scite
1310 1501 1433 1548 enim
1457 1501 1738 1566 Euripides:

639 1595 684 1642 J
681 1595 815 1640 ιιναυὶ
841 1595 1018 1654 linqua,
1047 1602 1237 1640 mentem
1261 1595 1520 1655 injmatam
1540 1611 1660 1655 yerO.

248 1694 309 1735 20
336 1689 549 1752 Regulus
572 1706 681 1735 vcro
707 1705 799 1735 non
825 1688 989 1734 debuit
1015 1688 1303 1734 conditiones
1329 1688 1666 1750 pactionesque
1693 1689 1883 1735 bellicas
1904 1697 1950 1736 ct

245 1769 301 1811 21
330 1764 523 1810 hostiles
563 1765 841 1827 perturbare
881 1764 1101 1826 perjurio.
1175 1764 1297 1809 Cum
1331 1763 1463 1826 justo
1500 1763 1622 1809 enim
1659 1770 1706 1809 et
1741 1764 1950 1827 legitimo

330 1839 466 1885 hoste
502 1855 575 1885 res
612 1840 881 1903 gerebatur,
910 1838 1138 1884 adversus
1164 1854 1305 1901 quem
1330 1844 1377 1883 et
1401 1844 1555 1884 totum
1589 1838 1668 1901 jus
1703 1839 1875 1894 fetiale,
1904 1847 1950 1886 et

246 1920 303 1960 22
332 1915 480 1960 multa
499 1920 609 1960 sunt
629 1915 738 1977 jura
764 1913 1045 1960 communia.
1118 1913 1258 1969 Quod
1284 1913 1330 1959 ni
1354 1913 1419 1959 ita
1439 1920 1575 1968 esset,
1597 1930 1837 1976 nunquam
1858 1915 1948 1961 cla-

329 2005 406 2035 ros
446 1989 570 2035 viros
612 1996 801 2035 senatus
843 1989 1029 2036 vinctos
1077 1989 1295 2035 hostibus
1345 1989 1619 2036 dedidisset.
1689 1990 1839 2036 XXX.
1879 1991 1950 2036 At

330 2081 440 2111 vero
466 2065 516 2112 T.
544 2064 771 2110 Veturius
798 2070 845 2111 et
871 2064 953 2126 Sp.
980 2064 1268 2118 Postumius,
1297 2080 1405 2110 cum
1440 2064 1610 2110 iterum
1638 2065 1853 2110 consules
1878 2081 1947 2111 es-

331 2146 448 2195 seut,
476 2140 598 2202 quia,
626 2157 733 2186 cum
758 2140 881 2185 male
907 2146 1172 2203 pugnatum
1191 2139 1320 2202 apud
1341 2139 1576 2185 Caudium
1603 2145 1739 2194 esset,
1759 2139 1948 2203 legioni-

332 2215 420 2261 bus
448 2215 617 2261 nostris
654 2216 743 2261 sub
779 2215 952 2277 jugum
989 2214 1153 2268 missis,
1184 2230 1350 2276 pacem
1377 2231 1484 2260 cum
1514 2214 1802 2261 Samnitibus
1827 2215 1947 2261 fece--

331 2296 449 2344 rant,
468 2290 614 2335 dediti
634 2296 743 2335 sunt
761 2290 832 2335 his
852 2306 860 2335 :
895 2289 1080 2351 injussu
1099 2289 1220 2334 enim
1242 2289 1405 2351 populi
1424 2296 1707 2351 senatusque
1727 2290 1947 2337 fecerant.

333 2365 610 2427 Eodemque
636 2371 850 2427 tempore
870 2365 935 2410 Ti.
958 2364 1219 2418 Numicius,
1242 2365 1297 2418 Q.
1320 2364 1519 2418 Maelius,
1543 2365 1621 2426 qui
1650 2371 1751 2410 tum
1777 2365 1949 2412 tribuni

332 2440 483 2503 plebis
520 2446 666 2494 erant,
694 2440 821 2502 quod
849 2455 1012 2486 eorum
1048 2439 1326 2485 auctoritate
1366 2455 1460 2501 pax
1499 2445 1599 2484 erat
1634 2440 1774 2493 facta,
1803 2440 1947 2486 dediti

266 2521 292 2561 3
332 2521 454 2569 sunt,
473 2521 526 2561 ut
551 2531 643 2577 pax
668 2515 950 2560 Samnitium
976 2514 1318 2576 repudiaretur.
1389 2514 1553 2576 Atque
1579 2514 1723 2577 hujus
1751 2515 1947 2561 deditio-

332 2590 401 2636 nis
439 2591 539 2652 ipse
581 2590 868 2644 Postumius,
907 2590 987 2652 qui
1034 2589 1311 2643 dedebatur,
1350 2605 1515 2634 suasor
1553 2594 1600 2635 et
1641 2595 1808 2635 auctor
1844 2590 1947 2637 fuit.

335 2665 474 2719 Quod
500 2665 625 2710 idem
650 2665 810 2711 multis
840 2665 971 2710 annis
998 2670 1106 2727 post
1128 2664 1180 2710 C.
1209 2664 1468 2717 Mancinus,
1498 2664 1591 2725 qui,
1619 2670 1674 2710 ut
1700 2665 1946 2710 Numanti-

334 2739 417 2793 nis,
447 2739 731 2800 quibuscum
770 2739 866 2785 sine
906 2745 1098 2785 senatus
1138 2739 1418 2785 auctoritate
1458 2739 1614 2784 foedus
1649 2740 1840 2793 fecerat,
1868 2739 1945 2785 de-

335 2813 542 2867 deretur,
570 2814 859 2876 rogationem
896 2813 1043 2859 suasit
1078 2829 1194 2867 cam,
1222 2829 1363 2876 quam
1397 2814 1449 2860 L.
1487 2814 1670 2867 Furius,
1701 2814 1748 2860 S.
1776 2814 1948 2859 Atilius

335 2904 392 2934 ex
417 2894 607 2933 senatus
634 2889 849 2934 consulto
875 2889 1114 2935 ferebant:
1155 2904 1248 2949 qua
1272 2899 1482 2951 accepta,
1511 2895 1582 2934 est
1616 2889 1832 2935 hostibus
1869 2889 1947 2935 de-

281 2967 308 3009 4
336 2963 477 3009 ditus,
549 2963 804 3008 Honestius
829 2963 904 3008 hio
929 2978 1071 3024 quam
1090 2962 1143 3017 Q.
1166 2963 1436 3025 Pompeius,
1456 2979 1562 3025 quo,
1583 2979 1690 3008 cum
1715 2963 1760 3009 in
1785 2963 1948 3009 eadem

268 2371 294 2411 [Q

283 3044 310 3083 5
337 3052 475 3084 causa
516 3042 654 3091 esset,
682 3036 980 3101 deprecante,
1009 3043 1205 3099 accepta
1244 3037 1316 3083 lex
1343 3053 1434 3083 non
1468 3044 1553 3084 est,
1628 3038 1719 3083 Hic
1747 3053 1815 3092 ea,
1843 3052 1946 3100 qua¹
2014 3065 2021 3075 κ
