2054 3470
243 235 300 276 84
938 246 998 275 DE
1027 246 1240 276 ormena

326 353 413 399 fuit
438 351 658 416 sapientis
679 359 726 398 et
746 353 1015 415 praestantis
1032 353 1129 408 viri,
1151 353 1365 400 omnibus
1386 353 1724 401 consulendum
1742 354 1938 417 putavit.

246 433 297 475 ll
327 429 489 490 anue
516 434 587 474 est
611 444 796 474 summa
820 429 938 474 ratio
959 436 1006 475 et
1031 429 1259 491 sapientia
1284 429 1393 475 boni
1419 429 1544 484 civis,
1571 429 1815 475 commoda
1831 429 1935 475 civi«

325 519 406 549 um
447 519 540 548 non
582 503 815 558 divellere,
854 509 996 566 atque
1032 520 1193 549 omnes
1231 503 1451 566 aequitate
1487 504 1653 550 eadem
1689 503 1924 550 continere

245 583 298 624 12
328 578 556 624 Habitent
593 578 740 641 gratis
777 577 824 624 in
859 578 1051 624 alieno?
1123 578 1247 635 Quid
1281 579 1387 625 ita?
1458 579 1542 633 Ut,
1571 595 1678 625 cum
1703 594 1792 642 ego
1817 593 1930 624 eme-

325 653 427 708 rim,
451 653 738 707 aedificarim,
759 659 909 708 tuear,
929 653 1217 716 impendam,
1239 659 1306 708 tu,
1333 669 1407 699 me
1432 653 1589 708 invito,
1616 654 1774 699 fruare
1798 653 1937 698 meo‘?

328 727 451 783 Quid
477 733 549 774 est
573 727 701 773 aliud
726 728 825 774 aliis
851 744 935 774 sua
960 728 1153 791 eripere,
1180 728 1279 774 aliis
1306 728 1419 774 dare
1443 729 1632 774 aliena?

250 808 299 849 13
372 803 567 849 Tabulae
585 818 695 848 vero
720 819 853 849 novae
881 803 993 865 quid
1018 803 1195 849 habent
1214 803 1495 866 argumenti,
1513 803 1599 849 nisi
1617 808 1671 848 ut
1690 818 1818 849 emas
1838 818 1940 848 mea

328 878 525 940 pecunia
562 878 791 933 fundum3
828 894 938 924 eum
976 884 1030 924 tu
1064 878 1254 933 habeas,
1282 894 1372 941 ego
1407 894 1501 924 non
1525 877 1727 925 habeam
1753 878 1940 941 pecuni-

327 969 403 998 am
423 953 443 998 ⁶?
492 953 671 1000 XXIV.
702 954 855 1008 Quam
875 953 935 999 ob
954 968 1053 998 rem
1072 968 1130 998 ne
1150 953 1208 998 sit
1230 968 1292 998 aes
1314 954 1529 1008 alienum,
1547 953 1674 1016 quod
1698 953 1765 999 rei
1789 953 1940 1016 publi-

329 1044 394 1074 coe
420 1034 600 1083 noceat,
628 1029 973 1091 providendum
1000 1034 1099 1083 est;
1138 1026 1288 1092 (quod
1325 1027 1487 1074 multis
1510 1028 1766 1074 rationibus
1792 1028 1942 1074 caveri

329 1109 485 1165 potest
503 1102 535 1167 :)
563 1120 669 1158 non,
697 1104 735 1150 si
761 1104 912 1157 fuerit,
940 1109 994 1149 ut
1017 1103 1282 1166 locupletes
1307 1120 1444 1149 suum
1471 1103 1686 1166 perdant,
1709 1103 1942 1150 debitores

275 1184 300 1223 2
329 1179 569 1224 lucrentur
592 1179 808 1225 alienum.
879 1179 982 1225 Nec
1008 1178 1131 1224 enim
1157 1179 1252 1224 ulla
1286 1194 1362 1224 res
1386 1179 1709 1225 vehementius
1732 1194 1831 1225 rem
1857 1195 1942 1241 pu-

329 1254 497 1300 blicam
523 1254 743 1308 continet,
771 1269 914 1316 quam
939 1253 1083 1300 fides:
1120 1269 1225 1316 quae
1251 1269 1353 1300 esse
1377 1254 1506 1299 nulla
1542 1259 1714 1317 potest,
1741 1253 1828 1299 nisi
1855 1253 1942 1300 erit

276 1335 301 1375 3
329 1329 593 1375 necessaria
618 1328 789 1375 solutio
814 1344 971 1374 rerum
993 1329 1288 1375 creditarum.
1342 1329 1601 1391 Nunquam
1621 1329 1944 1375 vehementius

330 1410 488 1450 actum
515 1410 600 1459 est,
622 1420 763 1466 quam
788 1420 864 1450 me
890 1404 1094 1458 consule,
1116 1419 1173 1449 ne
1198 1404 1472 1450 solveretur.
1527 1403 1687 1449 Armis
1707 1409 1755 1449 et
1781 1404 1944 1450 castris

332 1485 510 1526 tentata
534 1495 608 1525 res
634 1484 705 1525 est
730 1479 790 1525 ab
816 1478 941 1525 omni
975 1495 1147 1542 genere
1182 1479 1423 1524 hominum
1460 1484 1507 1524 et
1541 1479 1730 1525 ordine:
1773 1479 1943 1542 quibus

331 1554 396 1601 ita
431 1553 594 1609 restiti,
629 1560 683 1600 ut
713 1554 804 1600 1100
842 1559 1029 1600 tantum
1068 1553 1246 1599 malum
1282 1554 1340 1600 de
1375 1569 1426 1599 re
1462 1553 1652 1616 publica
1687 1553 1943 1601 tolleretur.

278 1634 305 1675 4
332 1630 585 1692 Nunquam
612 1646 700 1677 nec
718 1629 873 1693 majus
894 1645 961 1676 aes
986 1629 1189 1675 alienum
1212 1629 1329 1684 fuit;
1355 1645 1439 1675 nec
1465 1629 1631 1676 melius
1655 1645 1743 1677 nec
1766 1629 1944 1676 facilius

332 1704 611 1750 dissolutum
639 1711 724 1750 est.
787 1704 1057 1749 Fraudandi
1078 1704 1199 1749 enim
1225 1720 1309 1766 spe
1330 1705 1529 1759 sublata,
1551 1704 1763 1750 solvendi
1786 1721 1944 1751 neces-

278 1788 304 1827 5
333 1780 444 1825 sitas
480 1772 737 1825 'consecuta
776 1785 860 1825 est.
934 1779 1004 1824 At
1029 1794 1140 1824 vero
1175 1779 1250 1824 hic
1288 1795 1411 1824 nunc
1438 1779 1599 1834 victor,
1625 1785 1729 1825 tum
1755 1780 1944 1842 quidem

331 1855 498 1909 victus,
525 1870 632 1916 quae
661 1854 904 1917 cogitarat,
933 1869 988 1899 ea
1014 1854 1223 1915 perfecit,
1252 1870 1358 1899 cum
1396 1854 1498 1916 ejus
1533 1854 1633 1917 jam
1657 1855 1771 1900 nihil
1804 1855 1945 1900 inter-

332 1935 469 1975 esset.
541 1929 689 1974 Tanta
712 1929 759 1975 in
784 1945 838 1974 eo
864 1929 1093 1992 peccandi
1126 1929 1271 1975 libido
1297 1929 1398 1983 fuit,
1426 1935 1480 1974 ut
1514 1929 1604 1975 1100
1642 1929 1797 1992 ipsum
1838 1946 1944 1975 eum

333 2005 604 2059 delectaret,
633 2020 844 2067 peccare,
872 2004 1052 2050 etiamsi
1077 2019 1219 2050 causa
1243 2020 1335 2049 non
1361 2010 1498 2050 esset.

280 2086 306 2127 6
400 2080 480 2127 Ab
505 2081 595 2126 1100
620 2080 765 2143 igitur
798 2095 971 2143 genere
1005 2079 1279 2143 largitionis,
1306 2085 1360 2125 ut
1384 2079 1483 2125 aliis
1510 2079 1664 2135 detur,
1692 2080 1791 2126 aliis
1818 2080 1945 2126 aufe-

331 2161 476 2210 ratur,
503 2155 703 2201 aberunt
727 2155 770 2210 ii,
798 2154 877 2217 qui
901 2171 1001 2201 rem
1025 2155 1264 2217 publicam
1299 2155 1585 2201 tuebuntur:
1622 2154 1668 2200 in
1693 2155 1945 2219 primisque

334 2246 528 2293 operam
554 2230 750 2284 dabunt,
777 2236 832 2275 ut
865 2229 984 2292 juris
1020 2235 1067 2275 et
1103 2229 1387 2292 judiciorum
1414 2229 1634 2291 aequitate
1659 2246 1798 2276 suum
1823 2230 1947 2293 quis·

335 2321 426 2368 que
450 2310 636 2359 teneat;
673 2310 720 2350 et
744 2320 896 2366 neque
920 2303 1154 2349 tenuiores
1180 2309 1373 2365 propter
1408 2303 1723 2349 humilitatem
1748 2304 1944 2351 circum*

333 2380 591 2434 veniantur,
618 2395 770 2442 neque
808 2378 1125 2441 locupletibus
1163 2378 1224 2423 ad
1260 2393 1344 2423 sua
1368 2378 1442 2424 vel
1477 2378 1681 2424 tenenda
1704 2379 1780 2425 vel
1814 2395 1944 2425 recu-

335 2455 544 2518 peranda
591 2455 716 2501 obsit
760 2454 959 2500 invidia:
1009 2459 1242 2516 praeterea
1287 2453 1643 2515 quibuscunque
1689 2454 1832 2501 rebus
1873 2455 1944 2502 vel

335 2530 445 2577 belli
461 2529 534 2576 vel
559 2529 686 2576 domi
711 2534 948 2593 poterunt,
966 2544 1066 2575 rem
1086 2528 1323 2591 publicam
1348 2534 1554 2590 augeant
1577 2528 1787 2591 imperio,
1806 2530 1944 2593 agris,

290 2609 307 2653 ἲ
336 2605 660 2668 vectigalibus
732 2605 849 2651 Haec
889 2619 1172 2667 magnorum
1213 2602 1456 2648 hominum
1497 2609 1634 2650 sunt:
1678 2604 1782 2650 haec
1817 2605 1944 2667 apud

336 2681 539 2744 majores
563 2686 747 2726 nostros
772 2679 1014 2725 factitata:
1052 2679 1158 2724 haec
1194 2693 1368 2740 genera
1402 2677 1662 2724 officiorum
1687 2678 1766 2741 qui
1791 2695 1944 2741 perse-

337 2761 559 2818 quuntur,
588 2771 696 2801 cum
723 2770 908 2800 summa
942 2753 1143 2800 utilitate
1168 2753 1234 2798 rei
1258 2752 1461 2815 publicae
1488 2768 1711 2816 magnam
1736 2753 1825 2816 ipsi
1850 2754 1943 2799 adi-

340 2831 579 2894 piscentur
604 2835 651 2875 et
675 2829 880 2892 gratiam
906 2834 953 2875 et
978 2828 1194 2892 gloriam.

290 2986 314 3028 Β
407 2980 461 3026 In
488 2979 559 3026 his
585 2985 743 3025 autem
771 2978 1024 3024 utilitatum
1063 2976 1311 3040 praeceptis
1338 2977 1593 3039 Antipater
1617 2976 1797 3039 Tyrius,
1826 2977 1943 3024 Stoi-

339 3071 436 3109 CUS,
471 3055 549 3117 qui
588 3054 788 3099 Athenis
827 3069 977 3115 nuper
1012 3058 1084 3098 est
1119 3057 1347 3104 mortuus,
1385 3051 1480 3097 duo
1517 3051 1755 3111 praeterita
1790 3064 1942 3097 censet
