2054 3470
224 189 310 229 182
983 199 1146 229 No‘rEs.

216 312 477 360 superaturus
505 307 626 345 etiam
656 319 770 344 snam
797 306 914 344 illam
934 306 1127 358 priorem.
1183 305 1337 344 Invidit
1357 319 1445 344 vero
1473 317 1580 343 mors
1593 309 1762 357 peracta
1783 309 1914 357 parte,

217 383 294 419 nec,
314 371 385 423 qui
406 370 619 409 succederet
640 370 752 422 operi
773 369 827 408 ael
835 369 1080 422 praescripta
1101 368 1354 417 lineamenta,
1375 370 1561 407 inventus
1581 373 1645 407 est.

268 497 340 536 011.
361 497 437 536 III.
494 497 572 535 See
594 496 854 549 Conspeetus

269 564 303 600 2.
329 560 442 599 Nam
474 561 608 599 sive..
627 589 637 599 .
655 589 665 599 .
688 558 842 612 placet]
913 559 992 598 See
1027 559 1058 607 I,
1089 562 1123 607 3,
1153 561 1189 607 4,
1218 561 1322 598 note.
1444 557 1614 610 Vestris]
1688 557 1828 596 Cicero
1861 555 1902 596 al

215 623 328 662 ludes
348 626 390 662 to
409 623 471 662 his
492 623 596 662 son’s
615 622 786 662 relation
806 626 848 661 to
868 622 1099 675 Cratippus,
1120 635 1144 661 a
1163 625 1315 661 master
1335 622 1380 661 of
1405 621 1473 660 the
1495 620 1741 674 Peripatetic
1760 620 1906 660 school.

268 691 302 726 3.
330 686 534 726 Socratem
552 717 562 726 .
581 717 590 726 .
609 717 618 726 .
637 716 647 726 .
666 685 965 739 distraxissent]
1025 687 1166 739 Comp.
1195 685 1246 724 de
1275 686 1373 736 Leg.
1402 685 1433 733 I,
1466 688 1527 724 12.
1585 684 1708 723 Recte
1735 683 1917 724 Socrates

217 751 390 790 execrari
417 763 506 788 eum
535 750 692 798 solebat,
713 750 785 803 qui
798 750 964 802 primus
984 750 1204 788 utilitatem
1225 763 1259 794 a,
1270 754 1422 787 natura
1442 749 1687 801 sejunaeisset.
1742 747 1794 787 Id
1810 748 1917 786 enim

214 814 452 866 querebatur
471 819 591 866 eaput
611 826 689 852 esse
708 814 925 852 enitiorum
947 813 1137 851 omnium.
1249 811 1462 864 Primum]
1510 812 1652 851 Primi
1668 810 1798 863 might
1811 810 1916 850 have

215 876 316 916 been
336 876 449 918 used.
503 877 543 916 Z.
565 877 631 916 Gr.
653 874 677 928 ξ
700 879 790 916 686.

267 943 302 980 5.
330 939 580 993 Indolentia]
639 939 735 978 This
754 938 877 986 word,
898 938 1111 990 according
1131 941 1173 977 to
1192 937 1357 986 Nonius,
1378 938 1450 988 (H,
1470 940 1579 986 453)
1596 951 1682 977 was
1703 937 1843 977 coined
1861 937 1917 991 by

215 1003 366 1051 Cicero,
386 1006 428 1042 to
447 1006 658 1056 represent
677 1002 747 1041 the
769 1002 906 1042 Greek
934 1002 1147 1050 ἀναλγησία,
1175 1001 1307 1041 which
1326 1015 1424 1055 may
1444 1001 1530 1040 also
1549 1002 1601 1041 be
1621 1001 1796 1040 inferred
1816 1002 1917 1040 from

215 1066 264 1106 de
285 1067 368 1106 Fin.
388 1067 442 1115 II,
468 1068 575 1115 4,'11
592 1080 601 1105 z
629 1080 725 1105 num
741 1071 957 1119 propterea
977 1065 1161 1118 voluptas
1180 1065 1283 1104 idem
1302 1071 1368 1114 est,
1389 1065 1503 1118 quocl,
1523 1071 1580 1105 ut
1611 1066 1695 1104 ita
1725 1065 1778 1105 di
1791 1079 1811 1104 e
1824 1078 1919 1113 am,

214 1132 228 1169 i
243 1145 270 1168 n
283 1130 342 1170 do
356 1130 371 1168 l
384 1144 402 1168 e
415 1144 444 1168 n
458 1136 473 1169 t
487 1131 502 1169 i
516 1144 559 1170 a.
675 1130 753 1178 Qui
782 1143 845 1168 res
864 1129 1100 1182 expetendas
1118 1129 1177 1167 vel
1205 1129 1410 1182 voluptate
1428 1129 1491 1168 vel
1510 1129 1734 1168 indolentia
1752 1130 1919 1168 metiun-

215 1194 300 1248 tur]
359 1194 409 1233 In
427 1193 496 1232 the
515 1193 630 1233 word
648 1193 851 1246 voluptate
870 1192 1010 1232 Cicero
1030 1191 1188 1231 alludes
1216 1195 1259 1231 to
1278 1192 1348 1231 the
1370 1192 1568 1246 Cyrenaic
1586 1195 1672 1231 sect
1690 1193 1736 1231 of
1751 1191 1918 1243 Aristip-

213 1271 301 1311 pus,
320 1257 362 1296 in
380 1257 606 1297 indolentia
630 1260 674 1295 to
693 1256 784 1295 that
803 1256 848 1295 of
876 1255 1150 1309 Hieronymus
1171 1256 1217 1294 of
1241 1255 1415 1295 Rhodes.
1472 1256 1613 1308 Comp.
1632 1255 1683 1295 de
1704 1255 1788 1294 Fin.
1810 1256 1863 1303 II,
1885 1259 1920 1304 6,

217 1325 264 1361 19
281 1335 289 1361 ε
317 1335 388 1360 nee
417 1321 675 1374 Aristippus,
696 1320 768 1372 qui
787 1319 1030 1373 voluptatem
1050 1332 1249 1357 summum
1272 1319 1419 1358 bonum
1438 1319 1547 1367 dicit,
1567 1321 1614 1358 in
1632 1319 1836 1372 voluptate
1848 1333 1918 1372 po-

216 1386 278 1424 nit
297 1399 380 1424 non
399 1384 527 1424 dolere
539 1398 555 1431 ;
585 1397 711 1436 neque
730 1383 1013 1434 Hieronymus,
1035 1383 1107 1435 qui
1134 1396 1333 1421 summum
1357 1383 1503 1422 bonum
1523 1384 1666 1422 statuit
1686 1397 1768 1421 non
1784 1383 1920 1431 dolere,

215 1449 434 1502 voluptatis
451 1448 613 1486 nomine
640 1460 822 1499 unquam
841 1448 974 1485 utitur
994 1460 1075 1499 pro
1104 1446 1182 1485 illa
1217 1447 1274 1485 in
1288 1446 1347 1485 clo
1361 1446 1376 1484 l
1389 1461 1407 1484 e
1420 1460 1447 1484 n
1462 1452 1476 1485 t
1489 1448 1504 1485 i
1519 1460 1543 1485 a
1557 1461 1570 1486 .·
1614 1447 1763 1500 quippe
1783 1447 1854 1499 qui
1874 1459 1922 1484 ne

217 1514 262 1552 in
282 1511 507 1566 expetendis
527 1511 684 1563 quidem
704 1510 819 1549 rebus
838 1515 1016 1548 numeret
1035 1510 1287 1563 voluptatem.
1343 1510 1389 1549 Β.

270 1575 305 1616 ’7.
340 1575 624 1615 Convenienter
651 1579 811 1612 naturae
838 1573 984 1626 vivere]
1044 1573 1184 1626 Comp.
1205 1573 1255 1612 de
1276 1573 1360 1612 Fin.
1380 1573 1431 1622 V,
1453 1575 1487 1621 9,
1510 1577 1583 1623 253
1612 1573 1824 1612 secundam
1852 1587 1907 1611 na

217 1644 351 1678 turam
379 1639 532 1677 vivere:
579 1636 686 1689 quod
713 1637 774 1675 ita
801 1637 1119 1690 interpretemur,
1139 1637 1267 1675 vivere
1286 1650 1332 1675 ex
1352 1637 1530 1676 hominis
1562 1642 1715 1675 natura
1745 1636 1916 1689 undique

215 1703 392 1756 perfecta
425 1706 461 1740 et
491 1700 601 1739 nihil
634 1701 871 1751 requirente.
991 1700 1086 1747 Quae
1114 1699 1326 1738 secundum
1358 1705 1551 1738 naturam
1581 1699 1725 1752 essent]
1784 1699 1919 1738 Cicero

217 1765 312 1804 here
333 1777 473 1803 means
493 1763 609 1802 those
629 1762 766 1814 things
785 1762 919 1802 which
939 1762 1007 1814 (de
1027 1764 1059 1801 F
1062 1763 1110 1802 in.
1131 1762 1183 1810 V,
1203 1762 1238 1811 7,
1261 1763 1328 1815 18)
1348 1763 1399 1801 110
1419 1763 1518 1802 calls
1539 1764 1682 1816 prima
1711 1763 1919 1802 secundum

217 1834 408 1868 naturam
429 1859 438 1868 .
456 1858 467 1868 .
485 1858 494 1867 .
513 1858 522 1867 .
541 1841 557 1873 ;
587 1828 635 1866 in
655 1827 802 1879 quibus
821 1832 1038 1865 numerant
1067 1826 1385 1865 incolumitatem
1413 1827 1826 1878 conservationemque
1844 1840 1918 1864 om-

217 1894 333 1931 nium
352 1893 550 1946 partium,
571 1890 848 1938 valetudinem,
869 1903 1005 1928 sensus
1033 1891 1219 1942 inte9r08‚
1239 1890 1389 1929 doloris
1414 1890 1663 1937 vacuitatem,
1692 1890 1805 1937 vires,
1831 1889 1918 1943 pul-

218 1956 496 2003 chritudinem,
516 1960 643 1994 cetera
658 1954 818 2007 qeneris
837 1953 1014 2006 ejusdem.
1057 1954 1197 2006 Comp.
1214 1957 1249 2001 5,
1272 1957 1306 2001 2,
1328 1956 1362 2001 8,
1386 1956 1461 2002 103
1490 1956 1525 2001 8,
1547 1957 1580 1992 2.
1692 1953 1757 1991 Ita
1777 1951 1919 2005 leyere]

218 2018 303 2058 The
323 2018 530 2069 following
559 2030 734 2071 passage
755 2017 858 2055 from
890 2016 940 2055 de
961 2017 1045 2056 Fin.
1073 2017 1147 2065 IV,
1163 2021 1225 2064 25,
1245 2016 1308 2065 71,
1327 2016 1413 2055 will
1432 2030 1548 2055 serve
1569 2019 1611 2055 to
1630 2015 1794 2069 explain
1814 2015 1921 2055 Cice-

219 2082 293 2121 ro‘s
312 2081 512 2132 meaning.
567 2081 706 2120 Media
726 2081 812 2128 illa,
832 2081 940 2119 inter
960 2094 1048 2133 quoe
1067 2081 1177 2119 nillil
1198 2082 1371 2128 interest,
1393 2085 1524 2118 tamen
1545 2080 1733 2133 ejusmodi
1753 2085 1857 2128 sunt,
1876 2085 1921 2118 ut

219 2158 355 2185 eorum
383 2145 470 2184 alfa
498 2143 680 2196 eliqenda
709 2145 802 2191 sint,
824 2144 910 2182 alia
939 2144 1162 2196 rcjiciencla,
1184 2143 1271 2182 alia
1304 2144 1467 2182 omnino
1487 2143 1731 2195 nwliyenda,
1752 2143 1823 2181 Izoc
1856 2148 1921 2191 cst,

222 2214 264 2247 ut
283 2221 419 2247 eorum
437 2208 525 2246 alia
543 2207 649 2255 velis,
671 2207 757 2245 alia
777 2207 893 2255 nolis,
914 2207 1001 2245 alia
1022 2221 1103 2245 non
1123 2220 1243 2246 eures.

275 2274 310 2310 8.
340 2270 520 2323 Putant]
552 2270 633 2309 scil.
655 2269 790 2309 Stoici.

276 2338 311 2373 9.
340 2334 420 2373 See
441 2334 700 2385 Conspectus,
1680 2331 1748 2384 Id]
1781 2332 1911 2385 Comp

222 2399 251 2445 I,
274 2401 335 2445 35,
357 2401 403 2446 3;
431 2396 512 2435 and
539 2396 652 2444 infra,
673 2394 697 2448 ξ
721 2398 780 2435 10.
892 2395 1202 2444 Similitudines,
1222 2395 1315 2449 eto]
1373 2396 1451 2434 For
1480 2395 1548 2434 the
1568 2394 1755 2433 omission
1783 2396 1828 2434 of
1851 2395 1919 2434 the

222 2459 476 2499 adversative
496 2458 676 2512 particle,
696 2471 764 2498 see
786 2459 824 2498 Z.
846 2459 912 2498 Gr.
934 2457 958 2511 ἓ
980 2458 1001 2499 7
1008 2461 1071 2499 81.

279 2527 337 2562 10.
373 2523 521 2574 Offieia,
540 2522 680 2570 media,
700 2523 938 2570 eommunia,
958 2521 1126 2575 rectum]
1185 2521 1325 2575 Comp.
1346 2522 1376 2569 Ι,
1398 2526 1432 2570 3,
1452 2525 1488 2568 4,
1507 2525 1612 2560 note.

279 2590 338 2626 11.
373 2586 517 2625 Omnes
535 2599 720 2624 nunoeros
739 2585 872 2638 habet]
931 2585 1163 2637 Heusinger
1181 2598 1299 2637 says:
1328 2585 1572 2638 stletaplzora
1591 2590 1646 2624 est
1665 2599 1691 2624 a
1713 2585 1920 2639 palaestra,

224 2650 335 2699 enjus
367 2662 500 2687 omnes
531 2654 660 2687 motus
680 2649 734 2687 ad
759 2648 872 2688 eleeus
891 2649 1125 2701 compositos
1144 2649 1215 2701 qui
1235 2648 1548 2702 perdidicerant,
1577 2662 1710 2687 omnes
1736 2662 1920 2687 numeros

225 2713 364 2752 habere
382 2712 624 2751 dicebantur.

279 2779 339 2815 13.
369 2774 599 2827 Poematis]
658 2775 736 2813 See
769 2774 808 2813 Z.
839 2775 904 2813 Gr.
927 2773 950 2826 ἓ
973 2773 1033 2813 67.
1153 2774 1421 2827 Unaquaque]
1480 2774 1648 2814 Bonnell
1677 2773 1795 2813 reads
1824 2788 1919 2827 qua-

229 2852 297 2891 que
327 2837 489 2890 simply.
545 2838 623 2876 For
656 2837 724 2875 the
759 2836 981 2884 differenee,
1011 2850 1079 2875 500
1112 2837 1150 2876 Ζ.
1183 2838 1250 2876 Gr.
1281 2836 1304 2889 ξ
1340 2838 1427 2878 710.
1546 2838 1644 2877 Cum
1673 2843 1766 2876 sunt
1795 2835 1918 2883 docti]

229 2903 364 2955 Comp.
386 2900 410 2954 ἓ
434 2905 481 2940 12
499 2915 507 2939 t
536 2915 624 2940 cum
645 2907 776 2939 actum
796 2905 861 2940 est.

812 2332 968 2385 Atque]
989 2332 1063 2370 has
1077 2331 1146 2370 the
1163 2331 1425 2383 signification
1447 2333 1492 2370 of
1519 2338 1569 2371 at.

283 3027 353 3067 Cu.
375 3028 436 3066 IV
507 3030 534 3066 1.
568 3026 749 3066 Sfcunda
770 3025 952 3079 honesta]
1022 3027 1182 3065 Virffues
1201 3027 1250 3080 of
1263 3027 1325 3063 t'ie
1346 3026 1485 3065 second
1504 3026 1618 3065 rank.
1674 3026 1713 3065 Z.

2036 153 2049 163 1
2028 140 2035 145 ”
2010 0 2050 131 ι’ὶιιὶὲ
