2054 3470
681 254 819 283 MBER
845 254 894 283 11.
967 253 1075 284 eAr‘.
1103 253 1181 283 xv.
1718 240 1775 286 73

88 379 288 416 manum,
307 378 449 424 quam
475 361 804 424 eloquentiam,
825 376 853 406 a
877 366 1044 406 natura
1062 359 1123 406 ad
1148 359 1351 405 salutem
1377 358 1619 405 hominum
1644 366 1690 406 et

85 437 144 482 ad
170 437 571 483 conservationem
596 437 772 490 datam,
794 435 856 481 ad
881 436 1111 482 bonorum
1136 440 1321 497 pestem
1346 434 1691 497 perniciemque

85 512 389 558 convertere?
426 511 527 558 Nec
543 517 714 565 tamen,
732 517 786 556 ut
800 510 890 556 hoc
906 509 1184 573 fugiendum
1199 515 1284 564 est,
1301 510 1413 555 item
1431 514 1502 556 est
1517 509 1690 555 haben-
1721 515 1777 556 15

84 586 199 632 dum
214 586 437 647 religioni,
451 592 699 632 nocentem
715 585 978 648 aliquando,
996 584 1138 632 modo
1158 600 1213 630 ne
1228 583 1458 630 nefarium
1473 583 1690 646 impium-

83 677 188 723 que,
211 661 476 707 defendere.
525 661 646 707 Vult
668 661 757 707 hoc
783 659 1051 713 multitudo,
1079 659 1258 722 patitur
1275 659 1579 714 consuetudo,
1601 659 1693 705 fert

82 737 223 782 etiam
246 736 526 782 humanitas.
575 735 606 783 J
609 735 755 781 udicis
780 740 865 789 est,
887 751 1074 797 semper
1097 734 1143 780 in
1167 733 1319 780 causis
1343 750 1508 781 verum
1533 734 1690 796 sequi:
1721 739 1776 779 16

86 811 281 874 patroni,
320 826 657 874 nonnunquam
694 810 791 857 veri
828 810 992 865 simile,
1020 809 1200 856 etiamsi
1239 809 1388 855 minus
1422 809 1481 855 sit
1511 824 1689 861 verum,

77 886 333 949 >defendere
354 902 364 940 ;
406 885 534 948 quod
575 885 775 932 scribere
819 883 1104 949 (praesertim
1141 901 1251 931 cum
1287 883 1346 930 de
1388 883 1689 946 philosophia
1718 884 1773 929 17

83 959 354 1025 scriberem)
381 977 475 1006 non
499 960 736 1014 auderem,
763 960 849 1006 nisi
872 960 997 1006 idem
1024 960 1233 1023 placeret
1267 956 1543 1024 gravissimo
1569 959 1691 1005 Stoi-

83 1052 244 1083 corum
278 1036 506 1082 Panaetio.
581 1035 785 1081 Maxime
821 1041 981 1081 autem
1007 1041 1055 1081 et
1086 1035 1236 1098 gloria
1261 1035 1442 1097 paritur
1467 1039 1514 1080 et
1538 1034 1690 1098 gratia
1719 1039 1775 1080 18

82 1110 429 1156 defensionibus
452 1126 461 1157 :
501 1126 651 1172 eoque
686 1111 851 1173 major,
880 1110 916 1156 si
941 1110 1132 1172 quando
1167 1110 1348 1165 accidit,
1376 1115 1432 1156 ut
1455 1109 1496 1156 ei
1521 1110 1689 1156 subve-

80 1186 243 1239 niatur,
281 1185 361 1247 qui
395 1186 599 1248 potentis
636 1185 833 1248 alicujus
870 1185 1038 1247 opibus
1075 1184 1397 1231 circumveniri
1437 1184 1689 1248 urgerique

81 1261 317 1314 videatur;
354 1267 408 1306 ut
432 1276 515 1305 nos
541 1266 589 1306 et
613 1275 740 1322 saepe
764 1261 891 1314 alias,
914 1267 961 1305 et
980 1260 1301 1306 adolescentes
1322 1265 1483 1306 contra
1507 1260 1560 1306 L.
1583 1259 1688 1305 Sul·
1719 1265 1772 1306 19

79 1336 136 1381 1ae
174 1334 453 1381 dominantis
489 1351 602 1398 opes
639 1351 724 1397 pro
761 1335 808 1381 S.
836 1335 1007 1380 Roscio
1043 1335 1270 1380 Amerino
1306 1334 1529 1381 fecimus:
1567 1351 1688 1397 qure,

79 1417 130 1457 ut
155 1411 258 1465 scis,
285 1416 417 1456 extat
442 1410 604 1456 oratio.

142 1561 248 1608 XV.
287 1560 382 1607 Sed
412 1560 634 1623 expositis
669 1561 1038 1608 adolescentium
1075 1556 1249 1616 officiis,
1278 1578 1386 1624 quae
1414 1562 1602 1608 valeant
1627 1562 1686 1608 ad

77 1636 275 1698 gloriam
302 1635 668 1698 adipiscendam,
696 1637 917 1700 deinceps
951 1637 1011 1684 de
1047 1637 1076 1683 b
1094 1653 1118 1683 e
1134 1653 1164 1682 n
1181 1653 1206 1682 e
1222 1637 1269 1683 fi
1286 1654 1310 1684 c
1327 1653 1351 1683 e
1367 1654 1398 1682 n
1414 1637 1506 1684 tia
1541 1653 1595 1683 ac
1628 1637 1687 1683 de

76 1711 445 1759 liberalitate
470 1711 721 1758 dicendum
747 1718 832 1759 est.
898 1713 1047 1776 Cujus
1073 1718 1144 1758 est
1167 1712 1285 1759 ratio
1311 1712 1502 1775 duplex.
1560 1712 1684 1758 Nam
1713 1718 1738 1758 2

75 1793 157 1833 aut
181 1802 326 1850 opera
351 1786 552 1849 benigne
578 1787 630 1832 fit
653 1786 987 1850 indigentibus,
1013 1794 1095 1833 aut
1119 1787 1331 1849 pecunia.
1391 1787 1590 1834 Facilior
1614 1794 1686 1834 est

75 1863 176 1908 haec
197 1861 438 1925 posterior,
463 1862 688 1924 locupleti
716 1863 976 1924 praesertim
998 1878 1007 1909 τ
1045 1863 1128 1909 sed
1154 1863 1233 1909 illa
1256 1863 1428 1909 lautior
1451 1878 1505 1908 ac
1531 1863 1685 1926 splen-

76 1938 228 1983 didior
265 1943 312 1983 et
338 1937 435 1982 viro
473 1937 582 1982 forti
620 1938 838 1999 claroque
875 1938 1070 2000 dignior.
1144 1938 1441 2001 Quamquam
1482 1938 1604 1984 enim
1638 1938 1684 1984 in
1712 1944 1737 1984 3

74 2018 275 2075 utroque
307 2012 427 2057 inest
458 2011 753 2074 gratificandi
790 2013 992 2059 liberalis
1016 2013 1246 2068 voluntas,
1273 2019 1432 2059 tamen
1456 2013 1603 2059 altera
1627 2029 1684 2058 ex

75 2103 197 2143 arca,
238 2087 385 2133 altera
423 2102 481 2132 ex
518 2087 690 2132 virtute
728 2087 1046 2150 depromitur:
1086 2087 1380 2151 largitioque,
1411 2103 1518 2150 quae
1551 2088 1602 2134 fit
1628 2104 1684 2133 ex

78 2179 126 2208 re
151 2162 375 2217 familiari,
396 2162 575 2208 fontem
601 2161 757 2224 ipsum
781 2162 1078 2226 benignitatis
1098 2163 1325 2210 exhaurit.
1374 2161 1450 2210 Ita
1475 2163 1681 2226 benigni-

75 2244 170 2283 tate
196 2237 456 2301 benignitas
481 2237 660 2283 tollitur
676 2232 700 2283 τ’
722 2253 816 2300 qua
840 2254 934 2301 quo
957 2238 1004 2284 in
1028 2238 1188 2300 plures
1211 2254 1325 2284 usus
1350 2238 1424 2293 siS‚
1452 2254 1508 2285 eo
1531 2238 1683 2284 minus

74 2314 117 2359 in
135 2313 308 2360 multos
327 2313 396 2359 uti
422 2313 587 2376 possis.
635 2313 706 2358 At
725 2313 807 2376 qui
831 2329 988 2376 opera,
1009 2314 1057 2360 id
1082 2320 1153 2360 est
1171 2313 1343 2360 virtute
1368 2319 1415 2360 et
1438 2308 1680 2368 industria,
1709 2318 1737 2358 4

75 2388 271 2435 benefici
308 2394 357 2434 et
391 2388 606 2434 liberales
641 2394 792 2443 erunt,
820 2389 1025 2451 primum
1050 2405 1144 2452 quo
1169 2389 1381 2452 pluribus
1407 2388 1679 2452 profuerint,

72 2478 127 2508 eo
146 2463 303 2525 plures
322 2463 382 2509 ad
407 2463 607 2527 benigne
631 2463 898 2510 faciendum
917 2464 1158 2527 adjutores
1183 2464 1440 2511 habebunt.
1499 2463 1681 2509 Deinde
1708 2471 1733 2511 5

72 2538 408 2584 consuetudine
429 2538 752 2585 beneficentiae
777 2538 1033 2602 paratiores
1057 2545 1195 2586 erunt
1213 2545 1261 2585 et
1283 2545 1528 2601 tamquam
1553 2554 1681 2585 exer-

71 2611 304 2659 citatiores
323 2613 384 2659 ad
409 2614 529 2659 bene
554 2613 613 2660 de
637 2614 797 2660 multis
828 2614 1208 2675 promerendum.
1267 2614 1500 2660 Praeclare
1519 2614 1565 2659 in
1584 2612 1677 2675 epi-
1707 2618 1732 2659 6

71 2687 192 2733 stola
211 2687 417 2749 quadam
435 2688 764 2734 Alexandrum
782 2689 928 2734 filium
946 2688 1197 2752 Philippus
1216 2694 1423 2743 accusat,
1444 2688 1570 2750 quod
1591 2688 1678 2733 lar-

71 2761 244 2825 gitione
268 2762 630 2809 benivolentiam
655 2763 971 2810 Macedonum
993 2770 1303 2811 consectetur.
1362 2764 1478 2822 Quoe
1504 2770 1554 2818 te,
1581 2779 1677 2808 ma-

71 2835 208 2883 lum!
241 2836 404 2899 inquit,
429 2839 550 2883 ratio
584 2839 635 2883 in
665 2839 802 2884 istam
837 2855 958 2899 spem
992 2840 1191 2893 induxit,
1218 2846 1272 2885 ut
1305 2855 1374 2884 eos
1412 2839 1492 2884 tihi
1516 2838 1679 2899 fideles

66 2919 254 2973 putares
280 2913 402 2974 fore,
441 2928 553 2973 quos
583 2914 783 2973 pecunia
816 2915 1129 2974 corrupisses?
1197 2914 1278 2960 An
1313 2922 1362 2959 ta
1397 2915 1449 2959 {cl
1482 2914 1595 2972 assis,
1623 2919 1676 2957 ut

69 2986 342 3034 Macedones
383 3005 471 3033 non
515 2995 552 3033 te
593 3005 737 3048 reyem
778 3005 931 3044 saum,
969 2990 1045 3035 sed
1079 2990 1347 3035 ministrum
1384 2997 1424 3034 et
1457 2988 1672 3049 prcebitO·

68 3076 160 3108 rem
184 3070 358 3123 sperent
368 3063 511 3123 fore?
580 3064 706 3108 Bene
732 3065 998 3109 ministrum
1023 3072 1063 3109 et
1080 3066 1369 3123 prcebz'torem
1386 3079 1406 3121 ,·
1442 3079 1536 3126 quo
1561 3063 1673 3126 quid
1701 3065 1722 3112 'Z
