2054 3470
656 230 798 259 tumn
825 229 893 259 111.
967 229 1075 260 CAP.
1109 229 1184 260 xx.
1675 221 1765 263 109

76 355 282 402 uuquam
317 336 612 384 consulatum
635 336 901 390 videretur;
939 336 993 392 Q.
1029 336 1288 393 Metellum,
1320 338 1455 401 cujus
1491 339 1676 402 legatus

76 420 187 468 erat,
215 427 452 460 summum
475 411 626 458 virum
662 417 710 457 et
745 411 908 465 civem,
936 427 1043 457 cum
1068 412 1128 457 ab
1154 427 1222 467 eo,
1257 412 1540 475 imperatore
1576 430 1676 468 suo,

77 488 277 536 Romam
311 487 480 533 missus
517 492 654 540 esset,
681 485 811 547 apud
847 481 1078 547 populu'm
1113 487 1379 533 Romanum
1411 488 1678 534 criminatus

74 570 160 618 est,
197 562 374 609 bellum
411 561 543 607 illum
579 561 781 606 ducere:
831 560 868 606 si
909 576 959 606 se
1002 561 1242 607 consulem
1277 562 1510 617 fecissent,
1549 563 1679 610 brevi

73 644 300 701 tempore,
327 642 409 682 aut
433 636 605 689 vivum,
633 641 716 681 aut
747 641 985 681 mortuum
1009 636 1301 698 Jugurtham
1326 653 1375 683 se
1400 637 1446 683 in
1471 644 1678 700 potesta-

75 728 168 760 tem
195 711 356 775 populi
390 710 589 756 Romani
614 709 849 756 daturum.
920 711 1092 772 Itaque
1115 711 1269 756 factus
1294 717 1365 757 est
1389 712 1465 758 ille
1489 713 1678 775 quidem
1707 719 1729 758 2

75 787 250 841 consul,
278 786 362 832 sed
386 801 414 830 a
438 785 530 830 fide
559 784 832 848 justitiaque
858 784 1082 839 discessit,
1109 785 1189 848 qui
1225 786 1455 848 optimum
1491 793 1537 833 et
1572 803 1677 850 gra-

76 863 315 909 vissimum
349 860 513 916 civem,
540 860 673 923 cujus
709 860 910 923 legatus,
936 866 983 906 et
1015 876 1042 905 a
1066 876 1159 922 quo
1184 861 1353 907 missus
1378 866 1515 916 esset,
1542 861 1588 907 in
1612 861 1677 907 in-

77 937 246 983 vidiam
269 936 387 982 falso
413 935 598 981 crimine
623 934 884 982 adduxerit.
945 935 992 981 N
996 951 1019 981 c
1044 942 1203 982 noster
1227 936 1415 999 quidem
1444 936 1675 983 Gratidia-
1703 942 1729 983 3

74 1029 160 1058 nus
186 1011 333 1057 officio
358 1010 467 1057 boni
490 1010 573 1055 viri
596 1009 785 1056 functus
813 1016 884 1055 est
918 1016 1034 1064 tum,
1064 1027 1171 1057 cum
1207 1017 1386 1073 praetor
1419 1017 1557 1066 esset,
1584 1011 1677 1058 col-

74 1086 343 1150 legiumque
369 1091 625 1147 praetorum
651 1085 822 1131 tribuni
852 1085 978 1146 plebi
1002 1086 1338 1141 adhibuissent,
1367 1092 1419 1132 ut
1443 1102 1517 1132 res
1542 1103 1674 1133 num-

73 1161 217 1206 maria
242 1160 301 1206 de
326 1159 560 1206 communi
584 1160 812 1204 sententia
833 1160 1209 1208 constitueretur.
1259 1161 1288 1208 J
1292 1162 1540 1208 actabatur
1558 1162 1679 1208 enim

73 1236 363 1299 temporibus
405 1234 491 1280 illis
533 1251 751 1280 nummus
793 1236 871 1289 sic,
915 1241 968 1281 ut
1014 1252 1151 1282 nemo
1193 1242 1353 1299 posset
1393 1237 1523 1291 scire,
1567 1237 1678 1300 quid

75 1312 283 1357 haberet.
336 1309 724 1372 Conscripserunt
749 1311 1056 1356 communiter
1080 1311 1286 1357 edictum
1313 1328 1419 1358 cum
1444 1328 1586 1374 poena
1609 1318 1677 1358 at·
1704 1317 1729 1356 4

73 1402 163 1448 que
184 1385 386 1448 judicio;
425 1385 876 1447 constitueruntque,
899 1392 952 1431 ut
977 1402 1138 1432 omnes
1163 1387 1301 1433 simul
1325 1387 1370 1432 in
1395 1393 1547 1432 rostra
1572 1393 1680 1450 post

74 1460 311 1507 meridiem
335 1459 654 1506 escenderent.
714 1460 775 1505 Et
801 1461 940 1506 ceteri
959 1461 1146 1523 quidem
1173 1462 1290 1507 alius
1315 1462 1429 1509 alio:
1456 1462 1631 1508 Marius
1652 1478 1678 1508 a
1705 1470 1729 1510 5

72 1535 300 1582 subselliis
335 1535 382 1580 in
415 1542 567 1580 rostra
601 1540 743 1589 recta,
772 1535 927 1597 idque,
956 1536 1084 1598 quod
1112 1537 1423 1583 communiter
1447 1537 1675 1600 composi-

73 1616 173 1656 tum
211 1610 378 1664 fuerat,
416 1609 543 1655 solus
585 1609 741 1656 edixit.
812 1610 875 1656 Et
917 1626 972 1656 ea
1006 1627 1094 1665 res,
1132 1611 1170 1657 si
1205 1612 1391 1674 quaeris,
1429 1612 1471 1659 ei
1505 1628 1677 1675 magno

72 1684 233 1730 honori
256 1684 357 1731 fuit.
418 1684 648 1731 Omnibus
672 1685 782 1731 vicis
808 1690 978 1732 statuae
1003 1701 1011 1731 :
1050 1686 1110 1731 ad
1136 1702 1214 1732 eas
1239 1692 1330 1741 tus,
1358 1687 1492 1735 cerei.
1552 1688 1677 1743 Quid

74 1760 258 1806 multa?
332 1760 487 1806 Nemo
510 1776 717 1822 unquam
743 1761 1027 1806 multitudini
1055 1761 1143 1807 fuit
1169 1762 1328 1809 carior.
1401 1763 1523 1809 Haec
1548 1768 1672 1817 sunt,
1703 1767 1728 1808 6

71 1852 176 1898 quae
221 1836 502 1882 conturbant
542 1835 588 1880 in
623 1835 956 1882 deliberatione
997 1853 1348 1899 nonnunquam,
1387 1855 1496 1884 cum
1530 1838 1593 1893 id,
1632 1838 1677 1884 in

71 1926 163 1972 quo
197 1909 396 1956 violatur
432 1910 644 1972 aequitas,
682 1926 774 1956 non
808 1910 872 1956 ita
907 1927 1144 1974 magnum,
1184 1912 1298 1958 illud
1334 1919 1508 1967 autem,
1530 1913 1676 1975 ⁴quod

71 2000 128 2030 ex
169 2000 224 2030 eo
265 1984 458 2046 paritur,
502 2000 813 2047 permagnum
854 1985 1067 2032 videtur:
1118 1992 1172 2032 ut
1213 1987 1377 2042 Mario,
1422 1988 1677 2050 praeripere

71 2058 263 2121 collegis
301 2064 348 2104 et
383 2058 578 2105 tribunis
617 2059 679 2121 pl.
721 2060 996 2121 popularem
1035 2061 1248 2123 gratiam,
1276 2078 1369 2107 non
1405 2062 1471 2108 ita
1508 2068 1674 2124 turpe;

71 2134 310 2179 consulem
335 2134 395 2179 ob
420 2149 524 2179 eam
547 2149 646 2179 rem
671 2134 780 2187 fieri,
804 2134 931 2196 quod
956 2135 1042 2181 sibi
1069 2142 1168 2182 tum
1196 2142 1517 2199 proposuerat,
1537 2137 1675 2183 valde

72 2208 184 2254 utile
204 2207 463 2254 videbatur.
513 2208 610 2254 Sed
636 2208 842 2254 omnium
860 2225 953 2254 una
977 2210 1141 2273 regula
1160 2217 1246 2266 est,
1267 2228 1408 2274 quam
1432 2211 1515 2258 tibi
1539 2212 1677 2275 cupio
1705 2213 1726 2259 7

72 2298 173 2329 esse
199 2282 489 2329 notissimam
510 2298 519 2328 :
558 2289 640 2329 aut
663 2283 793 2338 illud,
821 2284 948 2346 quod
973 2285 1084 2330 utile
1108 2285 1306 2340 videtur,
1333 2291 1472 2348 turpe
1504 2303 1563 2333 ne
1592 2287 1676 2341 sit;

73 2365 168 2412 aut,
196 2357 233 2404 si
267 2363 406 2420 turpe
441 2363 526 2412 est,
553 2374 610 2404 ne
635 2358 854 2404 videatur
878 2374 980 2405 esse
1005 2360 1132 2406 utile.
1204 2361 1326 2416 Quid
1351 2361 1531 2424 igitur?
1569 2378 1674 2424 pos·
1704 2368 1728 2408 8

72 2448 292 2478 sumusne
318 2438 400 2478 aut
422 2433 554 2479 illum
579 2433 780 2479 Marium
803 2433 953 2479 virum
972 2435 1148 2480 bonum
1168 2435 1394 2497 judicare,
1412 2442 1495 2483 aut
1511 2436 1636 2482 hunc
1654 2437 1674 2482 ⁶?

72 2507 267 2569 Explica
291 2513 433 2569 atque
458 2513 627 2553 excute
650 2507 1005 2571 intelligentiam
1037 2514 1182 2563 tuam,
1209 2515 1263 2555 ut
1286 2510 1458 2564 videaS,
1485 2527 1591 2572 quae
1619 2511 1678 2556 sit

72 2581 118 2627 in
142 2597 197 2627 ea
221 2581 416 2644 species
441 2581 592 2627 forma
617 2588 665 2628 et
688 2582 815 2628 notio
839 2582 924 2628 viri
947 2583 1067 2630 boni.
1140 2584 1279 2630 Cadit
1313 2601 1425 2648 ergo
1458 2585 1504 2631 in
1528 2586 1674 2631 virum
1703 2591 1729 2631 9

72 2656 248 2702 bonum
282 2656 464 2701 mentiri
499 2657 802 2703 emolumenti
838 2657 908 2703 sui
944 2674 1099 2712 causa,
1129 2659 1371 2713 criminari,
1401 2660 1672 2722 praeripere,

73 2730 271 2776 fallere?
341 2730 470 2775 Nihil
497 2731 707 2792 profecto
732 2732 898 2778 minus.
968 2733 1056 2778 Est
1080 2749 1192 2796 ergo
1218 2734 1313 2779 ulla
1337 2750 1410 2781 res
1437 2734 1567 2788 tanti,
1595 2741 1676 2780 aut
1706 2740 1760 2779 112·

74 2804 373 2852 commodum
398 2805 545 2849 ullum
571 2811 666 2850 tam
691 2806 1024 2868 expetendum,
1051 2814 1104 2853 ut
1131 2808 1212 2854 viri
1246 2809 1354 2854 boni
1379 2815 1426 2854 et
1458 2809 1674 2871 splendo-

72 2894 170 2925 rem
194 2886 241 2925 et
263 2895 433 2924 nomen
458 2880 682 2926 amittas?
754 2881 877 2936 Quid
903 2889 987 2936 est,
1015 2883 1141 2945 quod
1177 2883 1341 2929 afferre
1375 2890 1562 2929 tantum
1588 2883 1673 2928 uti·
1704 2888 1752 2928 1]

75 2953 178 3000 litas
215 2953 318 3008 ista,
354 2970 460 3016 quae
494 2953 675 3008 dicitur,
717 2956 875 3017 possit,
904 2963 1130 3018 quantum
1166 2958 1362 3005 auferre.
1389 2958 1426 3003 si
1462 2957 1570 3003 boni
1595 2957 1677 3003 viri

75 3042 244 3075 nomen
267 3028 501 3088 cripuerit,
530 3028 669 3073 fidem
696 3029 1018 3092 justitiamque
1045 3031 1335 3076 detraxerit?
1406 3031 1529 3086 Quid
1555 3031 1677 3077 enim
1706 3035 1761 3077 12
