2054 3470
643 281 784 312 Lina-n
809 283 840 312 1.
913 282 1023 313 CAP.
1049 283 1136 321 xn,
1165 284 1268 313 xm.
1740 277 1796 317 lo

168 388 280 434 XII.
319 387 549 451 Equidem
573 388 713 434 etiam
748 387 864 434 illud
889 388 1226 444 animadverto,
1253 390 1393 451 quod,
1421 390 1500 452 qui
1524 392 1714 454 proprio

105 463 285 509 nomine
311 463 564 526 perduellis
588 469 724 516 esset,
752 463 789 508 is
813 463 960 508 hostis
985 470 1246 518 vocaretur,
1273 464 1463 511 lenitate
1494 466 1625 512 verbi
1647 466 1713 513 rei

104 538 333 584 tristitiam
359 537 638 601 mitigatam.
710 537 874 583 Hostis
900 537 1023 583 enim
1059 538 1189 600 apud
1225 539 1428 601 majores
1453 546 1638 586 nostros
1672 541 1711 587 is

101 611 357 666 dicebatur,
380 627 520 674 quem
539 628 661 657 nunc
681 611 983 675 peregrinum
1009 611 1220 659 dicimus.
1292 613 1509 660 Indicant
1534 614 1708 661 duode-
1736 621 1760 662 2

100 687 190 733 cim
230 687 424 740 tabulae,
451 691 518 740 ut,
557 702 729 732 surus
771 702 879 732 Dius
921 702 1020 733 CUM
1062 702 1241 733 HOSTE:
1279 687 1500 750 itemque,
1527 704 1711 736 ADVER-

99 776 181 807 ειυς,
219 777 409 808 HosTEM
445 775 652 806 AETERNA
690 776 1005 808 AncromrAs.
1079 762 1204 817 Quid
1241 762 1302 807 ad
1337 763 1458 808 hanc
1494 779 1708 810 mansue·
1736 771 1760 810 3

100 835 309 881 tudinem
343 835 455 881 addi
490 841 661 898 potest,
689 851 811 890 eum,
840 835 1030 898 quicum
1067 836 1245 882 bellum
1280 852 1432 899 geras,
1458 842 1557 882 tam
1581 838 1709 884 molli

98 910 282 956 nomine
306 910 584 973 appellare?
656 910 955 972 Quamquam
980 909 1026 955 id
1052 926 1222 956 nomen
1248 910 1409 956 durius
1434 911 1586 957 effecit
1606 911 1708 974 jam

99 991 321 1031 vetustas.
392 985 440 1029 A
476 984 722 1048 peregrino
757 984 879 1030 enim
913 985 1119 1039 recessit,
1147 990 1194 1030 et
1229 985 1418 1048 proprie
1452 985 1498 1032 in
1533 1002 1602 1041 eo,
1629 986 1708 1049 qui

98 1073 227 1103 arma
262 1065 424 1104 contra
458 1059 614 1112 ferret,
651 1059 886 1105 remansit.
960 1059 1082 1105 Cum
1129 1075 1241 1105 vero
1287 1059 1347 1105 de
1393 1059 1590 1122 imperio
1625 1061 1705 1108 de·
1732 1065 1757 1108 4

97 1139 304 1178 certatur
338 1133 556 1194 belloque
602 1133 829 1194 quaeritur
879 1133 1042 1197 gloria,
1081 1149 1247 1180 causas
1289 1134 1475 1180 omnino
1511 1136 1705 1182 subesse

98 1214 254 1253 tamen
289 1213 475 1269 oportet
510 1207 714 1261 easdem,
742 1223 860 1269 quas
897 1208 992 1253 dixi
1027 1209 1169 1270 paulo
1205 1214 1314 1254 ante
1346 1209 1501 1271 justas
1537 1225 1704 1256 causas

97 1297 198 1327 esse
222 1282 467 1328 bellorum.
538 1281 633 1328 Sed
659 1297 714 1327 ea
733 1282 870 1336 bella,
891 1283 1061 1344 quibus
1086 1282 1266 1344 imperii
1290 1283 1440 1346 gloria
1465 1284 1705 1346 proposita

95 1361 179 1409 est,
201 1356 352 1402 minus
377 1357 544 1403 acerbe
569 1357 778 1419 gerenda
802 1363 924 1404 sunt.
996 1358 1064 1403 Ut
1090 1358 1211 1403 enim
1237 1374 1344 1404 cum
1370 1357 1565 1405 civiliter
1589 1375 1698 1405 con·
1726 1367 1751 1408 5

96 1431 343 1485 tendimus,
381 1431 514 1476 aliter
549 1431 587 1477 si
623 1438 695 1477 est
741 1432 965 1486 inimicUS,
1010 1433 1144 1478 aliter
1178 1433 1216 1478 si
1263 1433 1557 1495 competitor,
1596 1450 1704 1480 cum

95 1504 242 1551 altero
278 1512 512 1551 certamen
549 1506 735 1552 honoris
772 1512 819 1552 et
855 1507 1094 1570 dignitatis
1125 1513 1209 1562 est,
1237 1524 1343 1553 cum
1368 1508 1515 1554 altero
1540 1509 1703 1571 capitis

93 1586 140 1626 ct
177 1580 343 1627 famae:
380 1580 444 1626 sic
482 1597 588 1626 cum
626 1581 885 1636 Celtiberis,
915 1598 1022 1627 curn
1061 1582 1260 1628 Cimbris
1297 1583 1488 1637 bellum,
1516 1588 1569 1628 ut
1595 1600 1702 1630 cum

94 1654 296 1709 inimicis,
325 1656 592 1717 gerebatur,
619 1662 725 1701 uter
749 1662 887 1711 csset,
915 1673 1007 1702 non
1032 1663 1138 1702 uter
1162 1657 1441 1719 imperaret;
1480 1674 1587 1703 cum
1614 1659 1700 1704 La-

94 1729 211 1783 tinis,
250 1729 446 1783 Sabinis,
485 1730 786 1785 Samnitibus,
813 1731 989 1786 Poenis,
1017 1732 1204 1794 Pyrrho
1243 1731 1302 1778 de
1337 1731 1532 1795 imperio
1568 1733 1699 1779 dimi-

92 1804 300 1851 cabatur.
370 1804 508 1850 Poeni
556 1805 806 1869 foedifragi,
845 1806 1046 1852 crudelis
1089 1806 1352 1852 Hannibal:
1399 1807 1562 1870 reliqui
1599 1807 1698 1870 jus-

93 1878 243 1926 tiores,
313 1879 484 1941 Pyrrhi
508 1880 698 1941 quidem
723 1880 782 1926 de
808 1881 1002 1943 captivis
1028 1881 1279 1927 reddendis
1317 1881 1395 1927 illa
1421 1883 1678 1945 praeclara:
1725 1887 1748 1934 ss

223 1979 321 2024 Nec
345 1979 411 2024 mi
433 1995 605 2024 aarum
622 1995 770 2038 posco,
796 1996 872 2025 nec
895 1981 962 2025 mi
976 1981 1184 2039 pretium
1207 1981 1418 2027 dederitis
1435 1998 1454 2040 ,·

221 2053 284 2099 N
279 2070 321 2098 ec
344 2061 648 2113 cauponantes
673 2055 854 2108 bellam,
882 2055 959 2099 sed
983 2056 1306 2114 bellz'yerantes,

223 2127 380 2181 Ferro,
401 2144 491 2173 non
514 2145 643 2182 auro,
673 2129 814 2174 vitam
838 2145 1075 2175 cernamus
1098 2131 1296 2191 utrique.

235 2202 379 2248 Vosne
402 2203 521 2257 velit,
547 2220 608 2248 an
634 2219 702 2249 me
725 2219 912 2263 reynare
935 2205 1056 2258 hera,
1086 2206 1250 2265 quidve
1261 2208 1407 2266 ferat,
1435 2207 1568 2260 Fors,

234 2277 416 2323 Virtute
438 2279 739 2338 emperiamur.
810 2279 879 2325 Et
903 2280 982 2325 hoc
1005 2280 1150 2325 simul
1172 2282 1316 2341 acpite
1340 2282 1516 2335 dictum.
1535 2299 1549 2328 :

228 2352 441 2412 Quorum
465 2354 632 2399 virtuti
655 2354 759 2400 belli
767 2356 973 2414 fortuna
988 2356 1204 2415 pepercit,

217 2428 504 2474 Eommdem
527 2445 595 2474 me
621 2430 820 2475 libertati
834 2446 1022 2489 parcere
1044 2438 1216 2476 certum
1240 2439 1315 2478 est.

217 2503 369 2558 Dono,
395 2504 558 2558 ducite,
584 2504 728 2566 doque
751 2506 1004 2551 volentibus
1028 2522 1132 2552 cam
1156 2508 1336 2566 maynz‘s
1359 2508 1446 2558 dis.

82 2599 277 2665 Regalis
301 2619 412 2648 sane
437 2609 485 2649 et
510 2603 652 2667 digna
676 2604 985 2652 AEIacidarum
1009 2621 1181 2669 genere
1206 2607 1453 2657 sententia.
1717 2612 1737 2657 ἰ’

149 2694 287 2740 XIII.
324 2694 487 2757 Atque
507 2696 646 2743 etiam
665 2696 702 2742 si
720 2697 833 2759 quid
852 2697 1023 2761 singuli
1041 2699 1333 2761 temporibus
1352 2699 1544 2746 adducti
1565 2701 1686 2747 hosti

86 2769 410 2830 promiserunt,
438 2775 509 2815 est
548 2771 691 2817 in-eo
726 2771 829 2834 ipso
866 2772 983 2819 fides
1023 2773 1354 2820 conservanda.
1428 2774 1494 2824 Ut
1537 2775 1686 2837 primo
1715 2783 1736 2821 Ξ

83 2841 260 2889 Punico
284 2844 408 2889 bello
432 2843 645 2907 Regulus
680 2851 847 2908 captus
872 2862 900 2892 a
921 2847 1097 2902 Poenis,
1120 2864 1228 2894 cum
1255 2848 1313 2894 de
1339 2849 1534 2910 captivis
1561 2865 1683 2895 com-

83 2917 318 2963 mutandis
358 2918 561 2963 Romam
598 2920 767 2965 missus
814 2926 951 2976 esset,
984 2922 1284 2984 jurassetque
1320 2938 1369 2968 se
1406 2923 1681 2976 rediturum,

85 2990 300 3054 primum,
325 2998 380 3038 ut
402 2993 541 3047 venit,
569 2994 778 3056 captivos
803 2995 1069 3042 reddendos
1093 2996 1137 3042 in
1163 3003 1329 3042 senatu
1361 3013 1450 3041 non
1477 2996 1681 3043 consuit:

87 3063 265 3119 deinde,
293 3083 400 3112 cum
435 3067 712 3113 retineretur
747 3083 774 3113 a
810 3070 1082 3132 propinquis
1107 3077 1156 3116 et
1191 3072 1250 3115 ab
1286 3070 1456 3122 amicis,
1485 3070 1544 3115 ad
1570 3085 1681 3132 sup-

524 3137 546 3173 2
