2054 3470
290 245 375 286 ΗΟ
971 255 1029 284 ns
1059 256 1266 285 eiwons

365 363 570 417 interest,
600 370 758 407 utrum
798 379 853 407 ex
893 363 1078 408 homine
1115 379 1164 408 se
1199 369 1442 409 convertat
1467 363 1569 424 quis
1602 363 1644 408 in
1680 363 1880 417 beluam,
1908 377 1962 409 ah

364 438 560 483 hominis
588 438 734 500 figura
757 437 1092 482 immanitatem
1118 443 1253 501 gerat
1276 438 1428 484 beluae
1448 438 1468 483 ‘2

1015 505 1031 519 ,

429 586 559 633 XXI.
598 587 758 642 Quid?
796 585 875 648 qui
898 586 1051 632 omnia
1075 591 1203 632 recta
1236 592 1283 632 et
1317 587 1514 632 honesta
1548 586 1807 650 negligunt,
1834 586 1966 633 dum·

364 661 505 707 modo
535 677 566 724 p
583 677 610 707 o
626 668 646 707 t
663 678 686 708 e
701 667 766 707 nt
782 661 838 707 ia
853 677 900 706 m
931 666 1289 723 consequantur,
1310 677 1461 707 nonne
1485 661 1610 707 idem
1629 661 1818 716 faciunt,
1841 660 1968 722 quod

364 736 415 790 is,
441 737 520 798 qui
544 736 683 782 etiam
709 752 922 782 socerum
953 736 1128 782 habere
1152 736 1298 782 voluit
1335 752 1457 791 eum,
1485 737 1618 798 cujus
1650 736 1749 799 ipse
1773 735 1969 782 audacia

315 817 337 857 2
365 818 532 873 potens
557 812 716 857 esset?
770 811 897 858 Utile
917 810 958 857 ei
976 810 1221 856 videbatur
1248 810 1501 873 plurimum
1528 827 1665 873 posse
1685 810 1875 857 alterius
1901 809 1967 856 in·

364 885 512 931 vidia:
549 885 597 932 id
623 901 764 948 quam
788 885 1014 948 injustum
1038 885 1084 930 in
1109 884 1323 947 patriam,
1345 890 1391 930 et
1416 901 1557 947 quam
1581 890 1733 947 turpe,
1756 891 1803 931 et
1826 900 1968 946 quam

311 966 337 1004 3
364 959 524 1006 inutile
560 966 698 1014 esset,
723 976 816 1006 non
841 959 1043 1005 videbat.
1115 960 1225 1021 Ipse
1259 966 1419 1005 autem
1453 975 1585 1005 socer
1607 959 1654 1004 in
1679 975 1758 1005 ore
1783 974 1969 1022 semper

367 1035 558 1080 Graecos
583 1050 744 1080 versus
770 1035 829 1080 de
853 1033 1112 1080 Phoenissis
1138 1034 1357 1087 habebat,
1379 1050 1496 1095 quos
1518 1034 1668 1080 dicam
1694 1041 1748 1080 ut
1772 1042 1936 1096 potero
1955 1055 1967 1100 3

366 1109 596 1155 incondite
622 1109 834 1163 fortasse,
861 1108 943 1154 sed
969 1114 1127 1154 tamen
1150 1114 1203 1154 ut
1228 1124 1301 1154 res
1326 1106 1474 1171 possit
1497 1108 1722 1172 intelligi:

561 1211 694 1257 Nam
718 1212 759 1256 si
782 1211 1052 1256 violandum
1076 1217 1139 1255 cst
1151 1210 1249 1271 jus,
1276 1210 1498 1269 reymundi
1517 1211 1675 1269 qratia

576 1287 858 1332 Violandum
882 1293 943 1331 est
967 1302 981 1330 .·
1016 1287 1125 1331 aliis
1148 1286 1278 1330 rebus
1293 1286 1512 1345 pietatem
1536 1286 1668 1331 colas.

312 1392 337 1433 4
367 1387 591 1450 Capitalis
626 1387 855 1442 Eteocles,
882 1387 956 1434 vel
993 1387 1149 1449 potius
1181 1386 1443 1449 Euripides,
1471 1387 1553 1450 qui
1584 1387 1631 1432 id
1655 1402 1816 1441 unum,
1843 1387 1969 1450 quod

365 1462 572 1509 omnium
608 1462 1013 1509 sceleratissimum
1047 1462 1199 1516 fuerit,
1228 1461 1475 1524 exceperit.
1547 1461 1673 1517 Quid
1707 1461 1850 1525 igitur
1884 1462 1968 1508 mi-

363 1543 478 1583 nuta
502 1537 774 1600 colligimus,
800 1537 1099 1591 hereditates,
1125 1543 1428 1591 mercaturaS,
1454 1536 1743 1582 venditiones
1777 1537 1969 1582 fraudu-

311 1620 337 1659 5
364 1613 550 1659 lentas?
619 1613 742 1659 Ecce
768 1612 865 1667 tibi,
892 1612 971 1674 qui
999 1628 1081 1658 rex
1118 1611 1280 1673 populi
1312 1611 1511 1657 Romani
1536 1611 1848 1674 dominusque
1873 1628 1970 1657 om-

312 1693 337 1734 6
364 1687 491 1733 nium
515 1687 725 1750 gentium
760 1703 862 1733 esse
899 1686 1195 1749 concupierit,
1222 1686 1363 1748 idque
1399 1686 1659 1748 perfecerit.
1731 1686 1865 1732 Hanc
1892 1703 1969 1732 cu-

366 1762 611 1825 piditatem
632 1762 670 1808 si
687 1762 932 1808 honestam
953 1761 1055 1823 quis
1075 1776 1176 1807 esse
1193 1761 1317 1815 dicit,
1336 1776 1495 1806 amens
1515 1767 1599 1807 est.
1652 1761 1831 1807 Probat
1851 1761 1969 1807 enim

364 1837 523 1900 legum
539 1843 587 1883 et
604 1837 830 1883 libertatis
848 1837 1109 1882 interitum:
1137 1852 1388 1897 earumque
1408 1836 1770 1898 oppressionem,
1787 1841 1969 1881 taetram

314 1912 337 1959 7
366 1918 413 1958 et
438 1912 778 1966 detestabilem,
805 1912 1057 1975 gloriosam
1084 1916 1235 1974 putat.
1295 1911 1385 1966 Qui
1409 1917 1567 1956 autem
1591 1910 1780 1965 fatetur,
1802 1911 1970 1956 hones-

364 1992 466 2033 tum
489 2003 583 2034 non
607 2003 708 2034 esse
731 1987 778 2032 in
802 2002 856 2033 ea
881 1986 1078 2040 civitate,
1105 2002 1212 2047 quae
1238 1985 1384 2031 libera
1413 1985 1515 2039 fuit,
1541 2000 1740 2047 quaeque
1765 2000 1865 2030 esse
1891 1985 1969 2030 de·

366 2063 489 2117 beat,
525 2078 737 2125 regnare,
772 2061 856 2108 sed
892 2061 947 2116 ei,
975 2060 1054 2123 qui
1087 2060 1135 2106 id
1176 2060 1329 2106 facere
1365 2060 1527 2122 possit,
1561 2075 1662 2106 esse
1698 2060 1838 2105 utile:
1877 2076 1968 2122 qua

365 2137 490 2184 hunc
531 2136 856 2200 objurgatione
892 2144 974 2182 aut
1014 2152 1108 2198 quo
1149 2135 1306 2198 potius
1342 2135 1548 2181 convicio
1584 2151 1611 2180 a
1646 2140 1780 2181 tanto
1815 2150 1969 2182 errore

314 2217 339 2258 8
367 2228 507 2258 coner
539 2212 776 2258 avellere?
845 2211 1012 2257 Potest
1044 2210 1181 2264 enim,
1208 2210 1270 2255 dii
1293 2210 1594 2264 immortales,
1622 2209 1838 2272 cuiquam
1865 2226 1966 2256 esse

366 2286 479 2332 utile
502 2286 811 2332 foedissimum
836 2292 883 2331 et
907 2285 1217 2331 taeterrimum
1243 2284 1541 2346 parricidium
1571 2284 1736 2347 patriae
1760 2299 1769 2330 :
1807 2301 1966 2347 quam-

368 2361 433 2407 vis
469 2360 521 2415 is,
558 2360 638 2423 qui
672 2377 722 2406 se
757 2376 813 2406 eo
854 2358 1167 2413 obstrinxerit,
1205 2359 1265 2405 ab
1301 2358 1537 2420 oppressis
1574 2358 1751 2404 civibus
1792 2358 1970 2405 Parens

316 2443 341 2483 9
368 2435 666 2481 nominetur?
714 2434 975 2480 Honestate
993 2433 1135 2496 igitur
1154 2432 1396 2495 dirigenda
1415 2432 1590 2478 utilitas
1610 2437 1694 2486 est,
1715 2438 1763 2478 et
1782 2432 1971 2495 quidem

369 2510 446 2563 sic,
474 2515 528 2556 ut
561 2510 666 2556 haec
692 2509 802 2563 duo,
828 2509 971 2554 veibo
1006 2507 1125 2554 inter
1157 2523 1206 2553 se
1233 2507 1513 2569 discrepare,
1539 2522 1589 2552 re
1624 2522 1771 2552 unum
1807 2522 1970 2553 sonare

292 2591 342 2631 10
370 2584 625 2631 videantur.
695 2583 803 2630 Non
826 2583 992 2636 habeo,
1019 2582 1080 2628 ad
1106 2581 1237 2645 vulgi
1263 2580 1539 2644 opinionem,
1566 2596 1673 2642 quae
1706 2581 1858 2643 major
1880 2581 1969 2627 uti-

368 2659 487 2712 litas,
524 2674 665 2720 quam
699 2657 939 2721 regnandi,
978 2673 1079 2702 esse
1115 2656 1290 2718 possit:
1327 2655 1440 2701 nihil
1476 2662 1639 2701 contra
1673 2655 1878 2701 inutilius
1913 2654 1969 2710 ei,

369 2733 447 2795 qui
481 2733 652 2794 injuste
688 2738 966 2778 consecutus
1002 2731 1075 2785 sit,
1113 2730 1308 2783 invenio,
1337 2746 1444 2776 cum
1478 2729 1539 2775 ad
1571 2729 1813 2776 veritatem
1848 2728 1970 2792 coepi

293 2813 300 2847 1
321 2813 339 2852 l
371 2822 588 2853 revocare
612 2806 849 2852 rationem.
920 2806 1126 2851 Possunt
1151 2821 1270 2850 enim
1297 2804 1515 2866 cuiquam
1539 2820 1641 2850 esse
1665 2803 1802 2849 utiles
1826 2819 1969 2866 ango-

370 2897 456 2935 res,
487 2880 833 2934 sollicitudines,
862 2879 1012 2925 diurni
1047 2886 1093 2925 et
1127 2879 1340 2924 nocturni
1376 2885 1544 2933 metus,
1570 2879 1666 2924 vita
1700 2877 1968 2925 insidiarum

372 2955 775 3018 periculorumque
800 2953 1102 3017 plenissima?

297 3059 351 3102 1⁴2
510 3056 665 3104 Multa
691 3056 843 3116 iniqui
866 3063 1001 3115 atque
1024 3056 1230 3116 iwficleles
1254 3072 1401 3114 regma,
1422 3056 1566 3114 pauci
1589 3060 1697 3099 sunt
1722 3055 1836 3108 bmzi,
