2054 3470
657 260 796 288 Lmen
821 260 871 290 11.
944 261 1050 290 CAP.
1080 262 1195 293 xvn.
1714 255 1770 298 75

85 367 307 413 cultatem
333 367 538 412 fructum
563 366 828 412 divitiarum
853 373 1004 429 putat.
1077 368 1194 414 Mihi
1218 375 1377 415 autom
1402 369 1478 416 ille
1503 371 1685 418 fructus
1713 380 1739 421 5

84 442 381 495 liberalitatis,
410 441 545 504 cujus
582 456 732 503 pauca
769 441 985 504 exempla
1021 442 1170 504 posui,
1197 443 1347 489 multo
1372 449 1419 490 et
1451 445 1604 508 major
1622 447 1685 492 vi-

83 516 220 562 detur
244 522 288 562 et
324 516 505 562 certior.
578 516 766 571 Quanto
790 515 953 561 Aristo
981 516 1106 562 Ceus
1141 518 1332 580 gravius
1357 525 1404 564 et
1429 519 1583 566 verius
1609 537 1692 567 nos
1715 527 1741 567 6

82 591 395 653 reprehendit,
422 590 502 653 qui
538 591 624 635 has
660 589 965 652 pecuniarum
999 591 1246 637 effusiones
1270 608 1364 638 non
1389 593 1685 649 admiremur,

83 681 188 728 quae
215 666 332 710 fiunt
364 665 425 710 ad
460 664 812 710 multitudinem
839 665 1150 711 deliniendam
1174 681 1184 712 ε
1221 672 1270 712 at
1294 667 1337 721 ii,
1364 668 1443 729 qui
1466 668 1527 714 ab
1552 669 1687 715 hoste
1717 670 1741 716 7

81 740 368 793 obsidentur,
399 739 438 785 si
475 755 630 785 emere
666 755 804 801 aquae
839 739 1093 786 sextarium
1128 741 1253 786 mina
1279 748 1573 804 cogerentur,
1600 744 1687 790 hoc

83 815 232 876 primo
268 814 434 860 auditu
467 813 736 860 incredibile
769 814 903 860 nobis
927 814 1086 869 videri,
1115 831 1371 878 omnesque
1394 816 1562 872 mirari,
1591 818 1688 872 sed,

82 905 187 936 cum
225 889 522 944 attenderint,
548 888 730 935 veniam
765 889 1030 935 necessitati
1056 890 1197 945 dare;
1234 890 1280 936 in
1312 890 1385 937 his
1408 887 1688 939 immanibus
1717 899 1742 939 8

80 964 272 1028 jacturis
296 963 575 1026 infinitisque
600 964 868 1026 sumptibus
891 964 1004 1010 nihil
1029 981 1113 1010 nos
1137 981 1310 1028 magno
1336 982 1479 1028 opere
1504 967 1688 1021 mirari;

81 1056 186 1085 cum
229 1039 493 1101 praesertim
528 1054 680 1100 neque
722 1039 990 1085 necessitati
1025 1040 1343 1095 subveniatur,
1373 1041 1687 1105 nccdignitas

79 1130 102 1159 a
125 1120 324 1176 igeatun
361 1113 558 1176 ipsaque
600 1114 678 1159 illa
715 1114 966 1160 delectatio
1005 1114 1317 1161 multitudinis
1354 1115 1413 1162 sit
1447 1116 1508 1162 ad
1548 1117 1689 1163 breve

80 1189 395 1252 exiguumque
431 1194 635 1250 tempus,
664 1204 812 1250 eaque
851 1204 878 1233 a
913 1189 1147 1235 levissimo
1183 1205 1397 1252 quoque:
1434 1191 1479 1236 in
1503 1208 1596 1254 quo
1619 1197 1688 1238 ta-

81 1279 187 1309 men
221 1262 323 1325 ipso
358 1278 451 1308 una
488 1279 595 1308 cum
631 1263 861 1317 satietate,
889 1263 1113 1309 memoria
1139 1280 1327 1326 quoque
1359 1265 1585 1312 moriatur
1609 1283 1687 1313 vo-

81 1338 287 1401 luptatis.
359 1338 488 1384 Bene
524 1337 663 1383 etiam
700 1337 890 1401 colligit,
923 1338 1026 1384 haec
1063 1339 1219 1400 pueris
1252 1345 1300 1385 et
1331 1340 1615 1387 mulierculis
1641 1348 1689 1388 et
1717 1348 1743 1389 9

81 1413 226 1459 servis
262 1418 308 1459 et
345 1428 584 1459 servorum
622 1413 863 1458 simillimis
899 1413 1054 1459 liberis
1084 1429 1186 1459 esse
1218 1420 1354 1477 grata
1374 1430 1386 1469 ;
1422 1415 1555 1477 gravi
1578 1432 1689 1463 vero

80 1488 267 1543 homini,
294 1494 341 1534 et
376 1503 445 1542 ea,
481 1504 588 1549 quae
623 1488 755 1542 fiunt,
788 1487 968 1550 judicio
1004 1494 1132 1534 certo
1169 1489 1462 1551 ponderanti,
1501 1491 1690 1552 probari

79 1579 217 1626 posse
251 1563 379 1608 nullo
414 1563 569 1608 modo.
643 1563 942 1624 Quamquam
979 1562 1206 1626 intelligo,
1232 1563 1280 1609 in
1316 1570 1476 1610 nostra
1501 1564 1688 1611 civitate
1717 1572 1775 1613 10

78 1638 358 1684 inveterasse
379 1637 478 1700 jam
504 1637 638 1684 bonis
664 1638 970 1700 temporibus,
997 1643 1050 1683 ut
1076 1639 1301 1701 splendor
1325 1639 1602 1686 aedilitatum
1629 1642 1688 1687 ab

77 1713 262 1775 optimis
287 1712 393 1758 viris
429 1713 706 1775 postuletur.
781 1714 950 1775 Itaque
980 1719 1027 1759 et
1055 1714 1109 1760 P.
1140 1714 1354 1769 Crassus,
1382 1731 1489 1760 cum
1516 1732 1686 1779 cogno-
1717 1722 1769 1762 11

77 1788 197 1834 mine
240 1787 384 1841 dives,
421 1793 526 1833 tum
564 1788 722 1850 copiis,
761 1788 952 1834 functus
989 1794 1060 1834 est
1103 1788 1302 1835 aedilicio
1337 1789 1542 1836 maximo
1582 1807 1684 1836 mu-

77 1879 199 1917 nere,
227 1868 274 1908 et
310 1861 453 1924 paulo
489 1868 598 1925 post
633 1863 685 1908 L.
715 1863 914 1908 Crassus
941 1879 1047 1908 cum
1074 1863 1281 1909 omnium
1317 1864 1561 1910 hominum
1587 1882 1685 1912 mo-

77 1937 381 1991 deratissimo,
422 1938 476 1992 Q.
515 1937 686 1991 Mucio,
723 1937 1184 1999 magnificentissima
1226 1938 1449 1985 aedilitate
1496 1939 1687 1986 functus

78 2019 178 2059 est:
216 2011 385 2058 deinde
427 2012 480 2058 C.
520 2011 761 2065 Claudius,
789 2011 938 2074 Appii
970 2011 1120 2057 filius:
1170 2012 1308 2058 multi
1342 2018 1465 2076 post,
1491 2013 1691 2069 Luculli,

78 2086 371 2139 Hortensius,
399 2085 598 2132 Silanus.
650 2086 826 2131 Omnes
851 2092 1008 2132 autem
1034 2087 1088 2133 P.
1112 2086 1356 2141 LentulUS,
1376 2103 1450 2134 me
1478 2089 1682 2143 consule,
1714 2095 1770 2136 12

78 2162 183 2208 vicit
208 2160 487 2223 superiores
546 2161 689 2207 Hunc
714 2167 785 2206 est
811 2161 1017 2207 Scaurus
1042 2161 1266 2208 imitatus.
1326 2162 1686 2226 Magnificentis-

76 2237 192 2282 sima
215 2252 326 2282 vero
351 2235 496 2280 nostri
520 2236 732 2298 Pompeii
757 2252 952 2281 munera
977 2236 1185 2282 secundo
1211 2237 1485 2284 consulatu:
1520 2238 1566 2284 in
1585 2239 1684 2301 qui-

77 2312 165 2358 bus
184 2310 400 2357 omnibus
419 2310 531 2372 quid
551 2310 663 2356 mihi
689 2311 887 2373 placeat,
911 2311 1053 2357 vides.
1114 2311 1274 2357 XVII.
1302 2311 1510 2359 Vitanda
1530 2319 1687 2359 tamen

76 2385 277 2449 suspicio
302 2392 373 2432 est
398 2386 616 2432 avaritiae.
689 2386 947 2440 Mamerco,
977 2386 1153 2432 homini
1178 2386 1464 2442 divifissimo,
1494 2395 1683 2451 praeter-

76 2461 231 2507 missio
270 2462 502 2508 aedilitatis
540 2461 813 2507 consulatus
849 2461 1089 2524 repulsam
1126 2462 1300 2508 attulit.
1373 2462 1528 2518 Quare
1554 2469 1615 2518 et,
1644 2464 1680 2510 si
1710 2470 1735 2509 2

77 2536 342 2598 postulatur
367 2552 394 2582 a
420 2536 610 2599 populo,
638 2536 771 2582 bonis
799 2536 904 2582 viris
939 2537 975 2582 si
1001 2553 1093 2582 non
1121 2537 1510 2591 desiderantibus,
1541 2543 1590 2583 at
1617 2544 1684 2583 ta-

78 2627 183 2656 men
204 2611 591 2673 approbantibus,
609 2610 876 2657 faciendum
897 2618 981 2665 est,
999 2611 1141 2657 modo
1162 2628 1247 2674 pro
1268 2612 1584 2666 facultatibus,
1602 2629 1686 2659 nos

77 2685 163 2747 ipsi
198 2691 251 2730 ut
284 2686 479 2732 fecimus
501 2702 511 2740 ;
548 2692 609 2744 et,
636 2685 673 2731 si
697 2686 887 2749 quando
913 2687 1068 2748 aliqua
1092 2702 1164 2732 res
1191 2686 1341 2749 major
1366 2692 1506 2749 atque
1531 2687 1686 2734 utilior

79 2759 293 2822 populari
331 2760 573 2822 largitione
609 2761 864 2822 acquiritur
884 2777 893 2816 ;
941 2768 994 2807 ut
1032 2761 1186 2807 Oresti
1223 2778 1374 2824 nuper
1409 2762 1604 2824 prandia
1639 2762 1684 2807 in

76 2834 250 2880 semitis
277 2834 488 2880 decumae
511 2835 695 2881 nomine
718 2851 892 2899 magno
918 2836 1084 2882 honori
1119 2836 1322 2882 fuerunt.
1393 2837 1467 2882 Ne
1493 2836 1557 2882 M.
1584 2836 1680 2897 qui-
1710 2841 1736 2882 3

77 2907 186 2954 dem
229 2909 336 2954 Seio
371 2909 480 2954 vitio
517 2909 681 2954 datum
717 2916 802 2964 est,
839 2911 968 2972 quod
1011 2911 1056 2956 in
1093 2911 1286 2957 caritate
1328 2926 1431 2956 asse
1472 2909 1681 2957 modium

79 2982 254 3045 populo
279 2982 423 3028 dedit.
477 2983 653 3045 Magna
677 2984 798 3029 enim
824 3000 873 3030 se
898 2990 945 3030 et
969 2985 1227 3030 inveterata
1251 2984 1422 3030 invidia
1446 3000 1531 3030 nec
1556 2983 1684 3046 turpi

78 3054 272 3122 jactura,
299 3057 487 3120 quando
515 3062 614 3103 crat
642 3058 800 3111 aedilis,
828 3075 912 3105 nec
938 3059 1140 3103 maxima
1170 3058 1393 3103 liberavit.
1466 3057 1561 3104 Sed
1597 3058 1679 3104 ho·
1707 3062 1734 3106 4
