2054 3470
640 245 779 273 tinisa
815 243 884 272 111.
958 243 1067 273 CAP.
1106 243 1211 272 xm.
1686 234 1772 276 101

94 351 415 415 Respondebit
451 352 688 414 Diogenes
722 351 922 397 fortasse
959 349 1051 395 sic:
1089 349 1237 395 Aliud
1263 358 1335 396 est
1374 350 1542 404 celare,
1569 350 1696 397 aliud
1725 357 1750 397 8

92 433 244 473 tacere
265 442 276 481 ;
311 441 463 488 neque
488 442 579 489 ego
603 441 726 471 nunc
748 430 793 471 te
819 424 934 479 celo,
962 424 1000 470 si
1023 424 1107 470 tibi
1131 441 1224 470 non
1250 425 1368 478 dico,
1396 441 1504 487 quae
1528 431 1697 471 natura

88 501 285 547 deorum
308 501 381 555 sit,
409 500 489 562 qui
514 500 574 546 sit
608 499 709 545 finis
748 499 992 553 bonorum,
1019 514 1128 561 quae
1164 499 1248 545 tibi
1285 500 1392 561 plus
1419 499 1698 562 prodessent

90 576 290 638 cognita,
317 591 460 637 quam
498 574 635 620 tritici
659 574 824 620 vilitas.
897 573 994 619 Sed
1019 590 1126 628 non,
1166 574 1390 636 quicquid
1414 574 1500 620 tibi
1535 574 1696 621 audire

91 651 200 696 utile
240 656 326 705 est,
362 649 411 695 id
445 649 560 695 mihi
595 649 750 696 dicere
785 664 977 695 necesse
1013 655 1098 695 est.
1171 650 1323 695 Immo
1360 665 1484 703 vero,
1520 649 1697 712 inquiet
1724 655 1749 696 9

89 725 176 779 ille,
203 740 393 772 11666336
419 730 502 778 est,
531 724 569 770 si
593 724 784 786 quidem
811 723 1069 777 meministi,
1098 739 1200 770 esse
1224 723 1343 769 inter
1369 724 1580 770 homines
1614 740 1693 770 na-

90 807 192 846 tura
216 800 515 862 conjunctam
539 799 828 846 societatem.
900 798 1107 853 Memini,
1127 798 1304 861 inquiet
1328 799 1404 845 ille
1425 815 1434 845 ε
1473 799 1558 846 36(1
1582 816 1694 845 1111111
1729 805 1783 846 10

87 875 174 921 ista
197 875 395 921 societas
420 875 524 920 talis
551 880 636 929 est,
664 882 716 920 ut
741 874 855 920 nihil
880 890 1017 920 suum
1055 874 1334 937 cujusquam
1371 874 1469 920 sit?
1507 874 1634 937 quod
1659 874 1696 920 si

87 950 149 995 ita
173 956 257 1004 est,
284 966 342 996 ne
366 950 667 996 vendendum
693 949 882 1011 quidem
907 949 1158 1011 quicquam
1184 956 1269 1004 est,
1297 949 1381 995 sed
1406 949 1692 996 donandum.

94 1024 224 1071 XIII.
262 1024 411 1071 Vides
436 1025 481 1070 in
504 1025 594 1071 hac
619 1030 719 1070 tota
752 1024 1090 1086 disceptatione
1125 1041 1218 1070 non
1252 1024 1369 1070 illud
1396 1024 1502 1079 dici,
1530 1041 1693 1088 quam-

91 1099 152 1145 vis
178 1100 267 1146 hoc
304 1105 442 1162 turpe
478 1100 551 1155 sit,
578 1106 750 1154 tamen,
778 1100 997 1162 quoniam
1033 1100 1238 1162 expedit,
1277 1099 1473 1154 faciam;
1510 1100 1595 1146 sed
1629 1100 1692 1146 ita

86 1174 320 1236 expedire,
347 1181 400 1221 ut
436 1180 576 1237 turpe
618 1191 710 1220 non
751 1175 839 1221 sit:
879 1190 937 1220 ex
969 1174 1116 1220 altera
1154 1181 1313 1221 autem
1351 1181 1500 1237 parte,
1537 1190 1592 1221 ea
1626 1191 1691 1229 re,

85 1249 193 1312 quia,
216 1255 354 1311 turpe
380 1249 451 1303 sit,
478 1266 570 1295 non
595 1265 698 1295 esse
723 1249 1002 1295 faciendum.
1073 1249 1264 1295 Vendat
1297 1250 1424 1295 aedes
1448 1250 1518 1295 Vir
1541 1250 1691 1297 bonus
1721 1256 1745 1297 2

87 1330 279 1387 propter
302 1324 456 1387 aliqua
491 1324 614 1379 vitia,
643 1340 750 1386 quae
775 1324 875 1386 ipse
913 1325 1047 1378 norit,
1088 1325 1228 1370 ceteri
1266 1324 1482 1387 ignorent
1502 1341 1512 1379 ;
1550 1326 1688 1387 pesti-

85 1399 233 1445 lentes
259 1400 361 1454 sint,
389 1406 436 1445 et
460 1400 724 1446 habeantur
747 1400 956 1446 salubres
978 1416 988 1454 3
1025 1399 1280 1462 ignoretur,
1300 1400 1347 1445 in
1372 1400 1587 1446 omnibus
1614 1417 1690 1447 cu-

87 1473 249 1520 biculis
286 1490 516 1537 apparere
552 1480 828 1537 serpentes;
866 1475 988 1520 male
1024 1475 1287 1522 materiatae
1329 1475 1434 1530 sint,
1472 1476 1688 1530 ruinosae,

85 1548 167 1594 sed
193 1549 297 1602 hoc,
332 1556 506 1612 praeter
530 1549 784 1603 dominum,
811 1565 948 1595 nemo
984 1550 1130 1596 sciat:
1168 1566 1344 1612 quaero‚
1371 1551 1409 1596 si
1432 1551 1535 1597 haec
1560 1567 1688 1615 emp-
1718 1558 1743 1597 3

86 1624 262 1670 toribus
286 1624 499 1670 venditor
522 1641 615 1670 non
641 1624 820 1678 dixerit,
842 1625 1064 1687 aedesque
1082 1625 1343 1671 vendiderit
1358 1625 1506 1688 pluris
1525 1626 1689 1680 multo,

85 1715 226 1760 quam
251 1715 300 1745 se
325 1698 626 1745 venditurum
663 1699 852 1762 putarit,
881 1716 994 1745 num
1033 1698 1120 1764 [id]
1157 1700 1331 1763 injuste
1355 1707 1440 1746 aut
1476 1701 1690 1764 improbe

85 1774 260 1820 fecerit.
332 1774 420 1820 Ille
456 1791 581 1828 vero,
619 1774 768 1837 inquit
792 1775 1059 1837 Antipater.
1132 1775 1256 1831 Quid
1293 1782 1365 1821 est
1400 1776 1522 1822 enim
1547 1776 1687 1831 aliud,
1717 1782 1744 1821 4

85 1849 255 1894 erranti
292 1849 415 1894 viam
460 1865 553 1895 non
599 1855 875 1904 monstrare,
913 1849 1041 1911 quod
1076 1850 1280 1896 Athenis
1322 1851 1691 1912 execrationibus

47 1943 50 1946 ·
85 1924 283 1985 publicis
309 1931 525 1970 sanctum
561 1930 646 1979 est,
673 1925 712 1970 si
746 1925 836 1971 1106
871 1941 965 1970 11011
1001 1930 1086 1978 est,
1115 1932 1378 1988 emptorem
1401 1926 1500 1988 pati
1522 1942 1688 1981 ruere,

84 2005 131 2044 et
155 2014 237 2061 per
261 2015 467 2045 errorem
492 2000 537 2045 in
559 1999 809 2044 maximam
827 1999 1040 2045 fraudem
1064 1999 1296 2045 incurrere
1317 2001 1337 2046 i>
1406 2001 1523 2047 Plus
1548 2001 1687 2048 etiam
1716 2010 1741 2050 5

84 2081 168 2127 est,
196 2090 337 2135 quam
360 2075 483 2120 viam
508 2090 601 2120 non
625 2080 896 2120 monstrare.
968 2074 1095 2120 Nam
1130 2080 1200 2121 est
1236 2074 1458 2121 scientem
1492 2075 1539 2121 in
1564 2092 1687 2122 erro-

84 2164 182 2194 rem
223 2149 423 2195 alterum
460 2149 696 2196 inducere.
767 2149 1004 2212 Diogenes
1049 2156 1240 2195 con-tra:
1279 2150 1409 2196 Num
1450 2156 1497 2196 te
1533 2166 1686 2198 emere
1714 2158 1740 2199 G

84 2223 250 2287 coegit,
277 2224 356 2286 qui
378 2240 435 2270 ne
459 2225 674 2270 hortatus
698 2224 888 2286 quidem
914 2225 1022 2270 est‘?
1061 2225 1162 2278 Ille,
1185 2225 1312 2286 quod
1331 2242 1423 2271 non
1450 2226 1683 2288 placebat,

85 2298 381 2361 proscripsit:
421 2305 486 2354 tu,
513 2299 640 2361 quod
666 2299 899 2362 placebat,
928 2299 1093 2345 emisti.
1165 2300 1346 2355 Quodsi
1371 2301 1448 2363 qui
1484 2302 1684 2363 proseri-
1716 2304 1737 2348 7

87 2374 202 2420 bunt
225 2389 450 2420 v1LLAM
485 2390 693 2420 BONAM
729 2391 1010 2426 BENEQUE
1050 2391 1464 2430 AEDIFICATAM,
1490 2393 1583 2422 non
1609 2393 1685 2424 ex-

83 2447 346 2494 istimantur
369 2449 602 2504 fefellisse,
640 2449 824 2495 etiamsi
852 2449 931 2496 illa
964 2466 1050 2496 nec
1086 2451 1209 2497 bona
1234 2457 1319 2505 est,
1346 2467 1432 2497 nec
1460 2451 1688 2498 aedificata

84 2523 260 2569 ratione
281 2539 291 2578 ;
327 2524 477 2570 multo
500 2524 665 2578 minus,
688 2525 769 2586 qui
788 2525 983 2571 domum
1002 2542 1095 2571 non
1117 2526 1386 2573 laudarunt.
1435 2527 1536 2573 Ubi
1562 2528 1685 2573 enim

81 2597 311 2660 judicium
335 2599 560 2661 emptoris
584 2605 670 2654 est,
703 2599 767 2646 ibi
790 2599 918 2645 fraus
942 2600 1200 2646 venditoris
1233 2616 1339 2663 quoe
1364 2608 1522 2663 potest
1546 2603 1684 2648 esse‘?

85 2672 168 2718 Sin
192 2679 350 2719 autem
376 2674 554 2720 dictum
586 2691 680 2721 non
715 2690 852 2721 omne
878 2675 1203 2737 praestandum
1228 2681 1314 2730 est,
1342 2677 1471 2738 quod
1508 2677 1686 2723 dictum
1715 2683 1739 2724 8

84 2764 176 2794 non
200 2754 286 2802 est,
311 2748 358 2794 id
383 2750 704 2810 praestandum
721 2751 900 2812 putas?
950 2750 1075 2806 Quid
1095 2766 1206 2796 vero
1224 2757 1295 2797 est
1319 2752 1522 2806 stultius,
1544 2768 1682 2813 quam

85 2822 373 2868 venditorem
397 2822 498 2884 ejus
523 2824 602 2878 rei,
630 2840 772 2885 quam
796 2825 984 2879 vendat,
1011 2825 1121 2871 vitia
1155 2827 1384 2872 narrare?
1457 2826 1579 2881 Quid
1605 2842 1683 2871 au-

88 2902 180 2942 tem
204 2903 302 2943 tam
326 2897 599 2952 absurdum,
618 2914 759 2960 quam
777 2899 814 2945 si
838 2899 1012 2945 domini
1032 2900 1170 2963 jussu
1188 2900 1252 2946 ita
1268 2916 1424 2963 praeco
1444 2900 1683 2962 praedicet,

87 2987 299 3018 DOMUM
337 2988 758 3018 PESTILENTEM
793 2975 1032 3021 VENDo‘?
1093 2975 1170 3021 Sic
1195 2991 1307 3037 ergo
1331 2975 1376 3020 in
1401 2974 1682 3036 quibusdam
1710 2980 1735 3021 9

88 3046 236 3092 „ausis
261 3046 414 3093 dubiis
455 3063 512 3092 ex
550 3047 696 3092 altera
731 3054 865 3110 parte
901 3049 1168 3095 defenditur
1190 3050 1426 3103 honestas,
1454 3065 1510 3095 ex
1535 3049 1683 3096 altera
