2054 3470
260 196 317 244 ⁷4
948 213 1008 241 nn
1037 212 1246 243 orFrons

342 319 572 366 sordidius
598 321 697 382 regi
715 321 735 366 ἱ)
772 320 937 365 melius
963 320 1116 375 etiam,
1143 320 1272 382 quod
1307 321 1601 384 largitionem
1621 319 1940 382 corruptelam

343 411 444 441 esse
463 395 591 441 dixit.
640 396 715 440 Fit
734 395 855 440 enim
877 395 1091 450 deterior,
1113 395 1191 457 qui
1215 395 1398 458 accipit,
1425 401 1566 458 atque
1591 395 1651 441 ad
1676 395 1800 441 idem
1826 411 1944 442 sem·

290 476 317 518 8
345 486 428 533 per
465 470 812 532 expectandum
851 470 1071 532 paratior.
1142 470 1247 516 Hoc
1285 470 1362 517 ille
1396 471 1503 526 filio,
1531 470 1616 516 sed
1655 475 1946 533 praeeeptum

344 550 565 608 putemus
590 545 819 591 omnibus
891 545 1210 600 Quamobrem
1234 545 1282 591 id
1307 546 1498 608 quidem
1522 561 1615 591 non
1640 545 1836 591 dubium
1860 550 1946 600 est,

343 620 454 682 quin
491 619 569 665 illa
607 620 884 683 benignitas,
918 635 1024 682 quae
1061 625 1244 666 constet
1279 636 1336 666 ex
1372 636 1515 683 oper-a
1551 626 1599 666 et
1633 619 1876 675 industria,
1902 626 1947 667 et

343 695 579 741 honestior
616 695 687 749 sit,
715 702 762 740 et
800 695 940 740 latius
978 700 1153 756 pateat,
1181 700 1228 740 et
1267 695 1417 758 possit
1454 695 1680 757 prodesse
1720 695 1947 758 pluribus,

290 776 314 816 9
346 770 695 832 Nonnunquam
718 776 877 815 tamen
897 775 968 815 est
992 769 1301 832 largiendum,
1322 785 1407 815 nec
1431 770 1521 816 hoc
1546 769 1844 832 benignitatis
1868 786 1949 834 ge-

342 862 428 890 nus
472 845 658 890 omnino
699 845 1045 906 repudiandum
1084 849 1169 898 est,
1207 851 1256 890 et
1297 860 1424 906 saepe
1467 844 1644 890 idoneis
1685 844 1948 892 hominibus

343 919 662 983 indigentibus
687 918 747 965 de
772 936 822 965 re
846 919 1059 964 familiari
1086 918 1448 980 impertiendum
1468 934 1477 964 ε
1504 919 1588 964 sed
1608 919 1857 982 diligenter
1881 926 1949 966 at-

262 1001 315 1039 10
342 1011 432 1057 que
457 995 714 1042 moderate.
785 994 924 1039 Multi
948 993 1068 1039 enim
1099 993 1375 1056 patrimonia
1401 993 1669 1039 effuderunt
1691 994 1949 1041 inconsulto

342 1069 600 1133 largiendo.
663 1069 787 1125 Quid
814 1074 971 1114 autem
997 1074 1069 1114 est
1094 1068 1297 1123 stultius,
1326 1084 1481 1131 quam,
1509 1069 1637 1130 quod
1661 1069 1860 1116 libenter
1883 1070 1950 1115 fa·

262 1151 310 1191 ll
344 1145 450 1199 ciaS,
479 1160 654 1199 curare,
682 1150 736 1190 ut
770 1144 818 1190 id
851 1144 1026 1190 diutius
1058 1144 1213 1189 facere
1240 1160 1333 1189 non
1366 1144 1553 1206 possis?
1623 1144 1788 1206 Atque
1812 1144 1950 1190 etiam

341 1227 602 1282 sequuntur
625 1219 921 1282 largitionem
946 1219 1136 1281 rapinae.
1209 1219 1331 1264 Cum
1364 1219 1486 1264 enim
1511 1217 1667 1264 dando
1692 1234 1830 1282 egere
1857 1235 1950 1266 coe-

261 1301 313 1340 12
342 1302 525 1357 perunt,
552 1295 709 1341 alienis
735 1294 867 1340 bonis
892 1310 1058 1339 manus
1082 1294 1248 1339 afferre
1274 1299 1519 1356 coguntur.
1581 1295 1671 1348 Ita,
1693 1310 1802 1340 eum
1823 1294 1950 1340 beni-

340 1369 554 1416 volentiae
595 1368 927 1432 comparandae
975 1384 1117 1414 causa
1155 1369 1350 1414 benefici
1386 1384 1490 1414 esse
1518 1369 1677 1423 velint,
1703 1385 1797 1415 non
1821 1374 1950 1415 tanta

345 1445 502 1491 studia,
543 1451 858 1506 assequuntur
904 1459 1079 1498 eorum,
1125 1443 1294 1505 quibus
1335 1443 1583 1498 dederunt,
1626 1449 1804 1506 quanta
1844 1444 1946 1490 odia

263 1527 313 1566 13
343 1537 517 1575 eorum,
545 1520 715 1582 quibus
751 1519 1043 1565 ademerunt.
1116 1519 1435 1574 Quamobrem
1470 1534 1555 1565 nec
1587 1518 1652 1564 ita
1687 1518 1946 1565 claudenda

340 1612 414 1641 res
451 1600 524 1641 est
559 1594 810 1649 familiaris,
837 1600 891 1639 ut
923 1609 1026 1639 eam
1060 1594 1326 1656 benignitas
1351 1593 1532 1656 aperire
1556 1610 1650 1640 non
1676 1594 1838 1656 possit,
1866 1611 1949 1640 nec

339 1670 404 1716 ita
429 1670 693 1724 reseranda,
719 1675 774 1715 ut
812 1674 973 1732 pateat
1013 1669 1255 1715 omnibus:
1293 1669 1463 1715 modus
1498 1669 1794 1724 adhibeatur,
1820 1669 1948 1732 isque

261 1751 314 1791 14
340 1745 570 1792 referatur
588 1745 648 1790 ad
673 1745 937 1791 facultates.
988 1744 1189 1790 Omnino
1208 1744 1471 1790 meminisse
1491 1744 1719 1791 debemus
1738 1744 1800 1798 id,
1822 1745 1949 1807 quod

341 1836 368 1869 a
403 1820 572 1866 nostris
607 1819 871 1865 hominibus
904 1819 1161 1881 saepissime
1195 1826 1492 1881 usurpatum,
1515 1820 1615 1882 jam
1646 1820 1692 1866 in
1716 1819 1949 1882 proverbii

264 1901 314 1943 15
342 1894 727 1942 consuetudinem
743 1894 883 1948 venit,
901 1893 1196 1957 largitionem
1213 1894 1413 1939 fundum
1430 1910 1522 1940 non
1537 1895 1725 1941 habere.
1762 1894 1947 1940 Etenim

341 1970 443 2032 quis
468 1976 627 2032 potest
651 1969 820 2015 modus
845 1985 961 2024 esse,
984 1985 1090 2014 cum
1117 1974 1163 2014 et
1188 1968 1311 2014 idem
1332 1969 1410 2031 qui
1437 1975 1733 2024 consuerunt,
1755 1975 1802 2015 et
1825 1969 1947 2015 idem

339 2045 454 2092 illud
480 2045 554 2091 alii
579 2044 882 2091 desiderent?

405 2197 539 2244 XVI.
579 2196 778 2242 Omnino
812 2196 905 2241 duo
942 2201 1052 2241 sunt
1088 2211 1264 2258 genera
1298 2195 1552 2258 largorum,
1579 2211 1778 2257 quorum
1816 2194 1947 2243 alteri

289 2277 312 2318 2
342 2271 541 2334 prodigi,
559 2271 692 2316 alteri
706 2271 935 2317 liberales.
984 2269 1191 2333 Prodigi,
1210 2269 1289 2332 qui
1305 2270 1469 2332 epulis,
1488 2275 1535 2315 et
1550 2270 1946 2325 viscerationibus,

342 2352 388 2393 et
406 2346 724 2409 gladiatorum
741 2345 1027 2398 muneribus,
1048 2344 1270 2390 ludorum
1286 2344 1678 2406 venationumque
1698 2351 1944 2407 apparatu,

343 2420 564 2483 pec-unias
590 2420 886 2483 profundunt
910 2419 956 2465 in
980 2435 1059 2465 eas
1084 2435 1173 2473 res,
1202 2434 1401 2480 quarum
1425 2419 1702 2464 memoriam
1726 2425 1810 2465 aut
1841 2420 1945 2467 bre-

288 2503 312 2542 3
341 2512 445 2542 vem
472 2501 556 2541 aut
579 2495 757 2541 nullam
781 2495 967 2541 omnino
993 2495 1085 2540 sint
1110 2493 1327 2541 relicturi.
1398 2493 1637 2540 Liber-ales
1662 2500 1837 2548 autem,
1866 2494 1944 2556 qui

340 2571 433 2616 suis
458 2571 763 2617 facultatibus
791 2575 873 2615 aut
900 2575 1064 2632 captos
1096 2585 1124 2614 a
1159 2568 1460 2631 praedonibus
1492 2568 1742 2624 redimunt,
1775 2575 1858 2614 aut
1882 2585 1944 2615 oes

339 2646 542 2691 alienum
575 2645 845 2707 ‘suscipiunt
892 2645 1162 2698 amicorum,
1201 2649 1284 2689 aut
1324 2643 1370 2689 in
1406 2643 1606 2689 filiarum
1641 2644 1945 2690 collocatione

340 2720 579 2783 adjuvant,
607 2726 690 2765 aut
725 2720 1016 2782 opitulantur
1050 2720 1095 2765 in
1134 2734 1184 2764 re
1213 2718 1287 2764 vel
1313 2718 1582 2780 quaerenda,
1607 2718 1681 2764 vel
1713 2718 1943 2781 augenda.

297 2802 310 2841 1
344 2796 510 2857 Itaque
552 2795 704 2848 miror,
744 2795 856 2856 quid
894 2794 940 2840 in
981 2799 1188 2839 mentem
1224 2793 1401 2839 venerit
1441 2793 1769 2855 Theophrasto
1809 2792 1855 2838 in
1888 2807 1942 2838 eo

340 2871 470 2924 libro,
497 2885 637 2932 quem
664 2869 723 2915 de
749 2869 917 2914 divitiis
944 2868 1158 2930 scripsit:
1195 2868 1241 2913 in
1266 2884 1360 2929 quo
1387 2869 1535 2913 multa
1567 2867 1805 2929 praeclare,
1829 2866 1943 2914 illud

338 2944 555 2991 absurde.
626 2944 712 2990 Est
736 2944 857 2990 enim
882 2943 1058 2988 multus
1084 2943 1129 2988 in
1153 2942 1391 2988 laudanda
1423 2941 1766 3006 magnificentia
1791 2947 1839 2987 et
1862 2957 1943 3004 ap·

338 3019 576 3081 paratione
620 3019 915 3081 popularium
956 3033 1230 3062 munerum:
1268 3018 1524 3078 taliumque
1562 3022 1835 3078 sumptuum
1877 3016 1940 3062 fa·
