2054 3470
256 194 315 236 50
950 207 1010 236 DE
1048 207 1259 238 OFMCHS

285 317 312 359 6
340 312 463 360 tatis,
532 313 688 360 Aliter
712 314 871 376 ampla
906 314 1074 361 domus
1111 314 1328 362 dedecori
1354 331 1482 378 saepe
1518 315 1704 361 domino
1729 315 1795 370 fit,
1821 314 1859 361 si
1882 319 1943 362 esi

337 388 384 434 in
418 403 474 434 ea
509 388 732 443 solitudo,
771 395 819 434 et
853 389 1072 444 maxime,
1109 390 1147 436 si
1181 390 1433 453 aliquando
1469 389 1560 436 alio
1595 389 1782 436 domino
1818 390 1946 436 solita

287 461 312 510 7
339 468 413 509 est
446 463 745 526 frequentari.
820 464 1050 510 Odiosum
1087 470 1159 510 est
1194 465 1331 520 enim,
1370 482 1478 511 cum
1506 481 1533 510 a
1557 464 1950 528 praetereuntibus

339 538 507 584 dicitur
528 554 537 584 :

642 641 680 687 O
706 641 870 686 domus
895 642 1103 702 emtique,
1133 643 1216 687 heu
1244 659 1384 703 quam
1409 643 1588 702 diepam

517 716 776 762 Dominam
799 717 924 762 domi
930 734 987 762 no
1006 716 1026 762 Ι

284 851 311 891 8
339 845 466 907 quod
492 845 682 908 quidem
708 846 780 892 his
805 846 1096 908 temporibus
1124 847 1167 892 in
1193 846 1351 892 multis
1383 847 1495 893 licet
1530 847 1698 894 dicere.
1771 848 1950 895 Caven-

339 920 452 965 dum
476 926 635 965 autem
662 926 746 975 est,
775 921 1036 983 praesertim
1063 921 1100 966 si
1124 921 1224 983 ipse
1261 921 1480 976 aedifices,
1506 938 1564 967 ne
1590 928 1722 968 extra
1755 922 1948 968 modum

337 1001 532 1056 sumptu
551 1000 598 1040 et
616 995 963 1058 magnificentia
982 996 1207 1058 prodeas:
1235 1012 1327 1059 quo
1346 996 1392 1042 in
1415 1011 1588 1060 genere
1612 997 1816 1043 multum
1841 998 1948 1044 mali

283 1074 310 1115 9
337 1069 478 1115 etiam
519 1069 566 1115 in
607 1071 826 1132 exemplo
862 1075 946 1116 est.
1019 1070 1240 1116 Studiose
1276 1071 1398 1116 enim
1434 1072 1654 1134 pleriun
1686 1073 1948 1135 praesertim

337 1144 382 1189 in
422 1145 543 1191 hanc
583 1151 781 1207 partem,
809 1145 936 1192 facta
970 1145 1235 1208 principum
1275 1145 1542 1192 imitantur:
1581 1152 1635 1192 ut
1669 1147 1721 1193 L.
1749 1147 1948 1201 Luculli,

337 1220 508 1265 summi
533 1219 631 1274 viri,
657 1220 883 1266 virtutem
909 1221 1012 1282 quis
1036 1221 1055 1265 2
1094 1227 1144 1266 at
1168 1237 1312 1283 quam
1337 1221 1475 1267 multi
1498 1221 1712 1267 villarum
1738 1223 1948 1286 magnifi-

337 1295 537 1340 centiam
562 1295 727 1341 imitati
752 1296 901 1341 sunt?
941 1296 1151 1351 Quarum
1177 1295 1368 1358 quidem
1395 1301 1520 1342 certe
1546 1302 1618 1342 est
1653 1297 1949 1343 adhibendus

337 1370 521 1424 modus,
541 1371 601 1416 ad
621 1371 1091 1433 mediocritatemque
1112 1371 1418 1417 revocandus.
1472 1371 1748 1433 Eademque
1773 1372 1948 1418 medio—

336 1445 476 1491 critas
496 1445 557 1491 ad
584 1461 770 1491 omnem
795 1462 933 1491 usum
956 1447 1230 1508 cultumque
1248 1446 1354 1491 vitae
1375 1446 1698 1492 transferenda
1718 1452 1802 1493 est.
1854 1447 1947 1493 Sed

337 1521 443 1567 haec
468 1521 712 1567 hactenus.

258 1601 310 1641 10
403 1596 461 1642 In
500 1595 625 1641 omni
667 1602 827 1641 autem
875 1596 1059 1642 actione
1101 1596 1399 1659 suscipienda
1440 1596 1526 1642 tria
1569 1603 1679 1643 sunt
1714 1597 1946 1643 tenenda:

336 1671 555 1734 primum,
576 1663 636 1717 'ut
660 1671 900 1734 appetitus
933 1672 1098 1717 rationi
1135 1679 1327 1735 pareat;
1365 1687 1458 1733 quo
1482 1672 1594 1717 nihil
1619 1678 1690 1717 est
1714 1671 1775 1718 ad
1801 1673 1949 1719 officia

338 1746 658 1792 conservanda
704 1747 1105 1793 accommodatius
1127 1763 1135 1792 2
1198 1746 1382 1800 deinde,
1432 1752 1486 1792 ut
1532 1746 1947 1802 animadvertatur,

336 1826 514 1884 quanta
551 1821 628 1867 illa
666 1837 741 1867 res
779 1822 853 1875 sit,
891 1838 1035 1884 quam
1070 1822 1253 1868 efficere
1288 1821 1516 1876 velimus;
1553 1827 1606 1868 ut
1640 1837 1757 1868 neve
1781 1822 1946 1885 major,

335 1912 452 1942 neve
478 1897 628 1942 minor
654 1912 767 1942 cura
791 1902 838 1942 et
863 1912 1007 1959 opera
1033 1896 1329 1959 suscipiatur,
1357 1912 1499 1959 quam
1533 1912 1674 1943 causa
1709 1897 1917 1959 postulet
1938 1914 1945 1943 :

336 1972 528 2019 tertium
555 1978 639 2026 est,
666 1978 720 2017 ut
746 1987 1009 2027 caveamus,
1035 1977 1089 2017 ut
1114 1988 1181 2026 ea,
1208 1988 1316 2034 quae
1355 1972 1590 2034 pertinent
1620 1972 1682 2018 ad
1705 1973 1947 2019 liberalem

258 2053 304 2096 Ι]
336 2048 539 2111 speciem
581 2053 629 2093 et
674 2047 967 2110 dignitatem,
1011 2047 1257 2093 moderata
1298 2047 1402 2093 sint.
1473 2045 1647 2093 Modus
1682 2053 1841 2093 autem
1877 2058 1948 2094 est

336 2124 556 2186 optimUS,
583 2123 728 2169 decus
753 2124 909 2185 ipsum
933 2129 1109 2177 tenere,
1138 2123 1198 2168 de
1223 2138 1317 2184 quo
1342 2127 1451 2168 ante
1487 2122 1703 2177 diximus,
1731 2138 1816 2168 nee
1842 2140 1947 2185 pro-

335 2199 469 2264 gredi
507 2199 705 2262 longius.
777 2199 963 2244 Horum
1000 2204 1160 2244 tamen
1197 2198 1338 2243 trium
1381 2198 1822 2259 pi'aestantissimum
1860 2206 1946 2253 est,

337 2274 601 2338 appetitum
628 2275 957 2337 obtemperare
981 2273 1160 2319 rationi.

393 2424 492 2471 XL.
519 2424 755 2486 Deinceps
782 2423 841 2470 de
867 2423 1076 2485 ordine
1102 2440 1288 2470 rerum
1314 2423 1445 2469 etde
1479 2423 1945 2486 opportunitate

340 2507 450 2546 tem
466 2517 496 2562 p
513 2515 539 2545 o
553 2516 679 2545 rum
705 2499 957 2545 dicendum
978 2505 1062 2545 est.
1118 2499 1240 2545 Haec
1261 2506 1419 2544 autem
1439 2498 1630 2544 scientia
1655 2498 1938 2544 continentul

337 2591 406 2630 ea,
433 2591 576 2637 quam
615 2574 772 2621 Graeci
808 2575 1014 2634 εὐταξίαν
1039 2574 1306 2628 nominant;
1343 2589 1436 2619 non
1470 2574 1604 2627 hanc,
1632 2589 1774 2635 quam
1807 2573 1939 2619 inter-

338 2656 580 2712 pretamur
604 2650 896 2704 modestiam,
924 2665 1017 2711 quo
1041 2649 1086 2694 in
1110 2649 1254 2694 verbo
1279 2648 1449 2694 modus
1473 2647 1593 2693 inest
1613 2664 1623 2702 ;
1660 2647 1744 2693 sed
1774 2647 1852 2694 illa
1876 2654 1940 2694 cst

336 2725 533 2784 εὐταξία,
570 2724 616 2770 in
652 2740 744 2786 qua
779 2724 1055 2786 intelligitur
1090 2723 1263 2769 ordinis
1299 2723 1604 2770 conservatiO.
1674 2723 1856 2784 Itaque,
1893 2728 1945 2770 ul

338 2799 535 2845 eandem
561 2815 644 2845 nos
669 2799 949 2845 modestiam
974 2799 1282 2861 appellemus,
1305 2798 1368 2844 sic
1395 2798 1614 2844 definitur
1638 2813 1665 2842 a
1690 2797 1874 2853 Stoicis,
1893 2801 1943 2844 ut

339 2874 568 2920 modestia
593 2874 650 2919 sit
675 2873 866 2919 scientia
890 2890 1050 2919 earum
1069 2889 1240 2927 rerum,
1261 2890 1369 2936 quae
1391 2879 1591 2936 agentur
1615 2878 1698 2917 aut
1718 2872 1944 2928 dicentur,

288 2955 313 2995 3
340 2950 442 2996 loco
478 2965 562 2995 suo
603 2949 995 2995 collocandarum.
1067 2950 1142 2994 Ita
1177 2948 1365 2994 videtur
1400 2948 1565 2993 eadem
1592 2947 1658 2992 vis
1695 2947 1866 2993 ordinis
1900 2954 1943 2997 el

339 3021 654 3070 collocationis
693 3023 806 3070 fore.
878 3024 1002 3070 Nam
1039 3030 1087 3070 ct
1122 3023 1331 3069 ordinem
1359 3023 1423 3068 sic
1450 3022 1690 3072 definiunt,
1719 3022 1940 3085 compo-:i-

284 2732 309 2772 Ιῦ
