2054 3470
241 241 300 282 80
932 251 992 282 DE
1020 251 1230 282 orrions

327 359 434 414 niet,
460 359 675 405 nimirum
702 358 1040 405 Themistocles
1066 365 1137 405 est
1162 364 1327 406 auctor
1362 358 1684 413 adhibendus;
1721 360 1800 423 qui
1824 376 1926 407 cum

325 435 659 489 consuleretur,
681 440 842 480 utrum
868 435 991 480 bono
1017 434 1114 480 viro
1140 434 1350 497 pauperi,
1377 450 1437 480 an
1461 434 1611 480 minus
1637 436 1838 498 probato
1863 435 1927 481 di·

327 509 410 555 viti
445 509 586 554 filiam
623 510 902 555 collocaret:
939 509 1044 572 Ego
1068 525 1192 563 vero,
1218 509 1380 570 inquit,
1406 509 1530 555 malo
1555 509 1721 565 virum,
1748 510 1827 572 qui
1852 526 1911 572 pe

242 589 294 630 11
326 583 459 630 cunia
483 589 636 647 egeat,
663 599 805 646 quam
829 584 1090 646 pecuniam,
1112 600 1218 647 quae
1243 584 1354 631 viro.
1424 583 1521 630 Sed
1547 584 1756 647 corrupti
1779 600 1926 631 mores

326 658 663 721 depravatique
691 665 800 705 sunt
835 659 1142 705 admiratione
1167 658 1448 705 divitiarum.
1519 659 1731 714 Quarum
1755 659 1930 723 magni·

243 739 298 780 19.
327 734 442 780 tudo
468 734 581 796 quid
606 734 666 780 ad
691 750 1076 796 unumquemque
1110 741 1328 781 nostrum
1364 735 1604 798 pertinet?
1675 735 1818 782 Illum
1841 736 1927 782 fer·

326 814 450 855 tasse
476 809 688 872 adjuvat,
716 809 796 871 qui
821 809 993 855 habet:
1031 825 1089 855 ne
1113 809 1161 854 id
1187 809 1378 871 quidem
1403 825 1617 872 semper:
1655 810 1739 856 sed
1764 810 1838 856 fac
1860 810 1925 873 ju-

246 890 299 930 13
328 900 465 939 vare;
502 885 708 931 utentior
733 900 844 930 sane
870 884 960 939 sit;
998 884 1238 930 honestior
1262 900 1373 930 vero
1409 884 1685 947 quomodo?
1757 885 1937 941 Quodsi

327 959 467 1006 etiam
491 960 643 1006 bonus
663 960 750 1006 erit
773 959 855 1014 vir,
882 974 940 1004 ne
964 959 1223 1021 impediant
1247 959 1436 1013 divitiae,
1459 959 1708 1021 quominus
1728 960 1931 1023 juvetur,

326 1034 468 1080 modo
494 1051 553 1080 ne
579 1034 834 1097 adjuvent;
871 1035 1025 1096 sitque
1063 1050 1199 1080 omne
1234 1034 1477 1096 judicium,
1503 1051 1596 1080 non
1631 1051 1772 1097 quam
1809 1035 1932 1081 locu-

249 1113 301 1155 14
331 1109 445 1172 ples,
473 1108 558 1155 sed
584 1109 733 1171 qualis
760 1109 957 1171 quisque
983 1109 1057 1155 sit.
1129 1109 1410 1155 Extremum
1447 1115 1608 1156 autem
1647 1116 1933 1173 praeceptum

330 1183 375 1229 in
400 1183 634 1230 beneficiis
661 1200 898 1248 operaque
925 1183 1096 1239 danda,
1122 1200 1179 1230 ne
1205 1184 1317 1246 quid
1344 1190 1507 1230 eontra
1533 1185 1804 1247 aequitatem
1830 1202 1930 1232 con-

330 1258 513 1313 tendas,
538 1275 597 1305 ne
622 1259 735 1321 quid
762 1276 848 1321 pro
874 1259 1053 1321 injuria.
1125 1259 1504 1304 Fundamentum
1530 1261 1650 1306 enim
1675 1266 1747 1306 est
1771 1277 1936 1323 perpe-

331 1340 426 1380 tuae
455 1334 872 1380 commendationis
910 1340 957 1380 et
998 1335 1141 1379 famae
1183 1333 1377 1396 justitia,
1407 1334 1504 1380 sinc
1530 1351 1622 1396 qua
1646 1335 1757 1380 nihil
1783 1341 1932 1398 potest

331 1424 433 1454 esse
460 1409 712 1455 laudabile.

372 1560 504 1606 XXI.
543 1558 639 1605 Sed
665 1559 884 1621 quoniam
912 1559 970 1606 de
997 1575 1050 1605 eo
1077 1575 1247 1623 gene-re
1284 1560 1613 1607 beneficiorum
1650 1561 1827 1607 dictum
1853 1568 1938 1616 est,

331 1650 437 1696 quae
461 1634 521 1680 ad
547 1634 757 1697 singulos
782 1640 1027 1697 spectant:
1056 1635 1277 1697 deinceps
1304 1635 1362 1680 de
1386 1635 1453 1689 iis,
1474 1651 1581 1698 quae
1598 1635 1658 1681 ad
1684 1636 1939 1690 univerSOS,

278 1715 303 1755 2
330 1725 532 1771 quaeque
553 1709 612 1754 ad
633 1726 729 1755 rem
751 1710 987 1772 publicam
1007 1709 1254 1771 pertinent,
1274 1710 1611 1772 disputandum
1633 1716 1716 1757 est.
1766 1711 1941 1757 Eorum

331 1791 490 1830 autem
527 1784 738 1846 ipsorum
776 1785 946 1847 partim
981 1784 1214 1847 ejusmodi
1239 1791 1362 1839 sunt,
1389 1791 1443 1830 ut
1468 1785 1529 1830 ad
1553 1785 1792 1831 universos
1818 1785 1943 1832 cives

332 1860 610 1922 pertincant,
633 1860 804 1921 partim
828 1860 1039 1922 singulos
1058 1865 1112 1904 ut
1137 1859 1386 1921 attingant,
1409 1876 1515 1921 quae
1540 1866 1650 1906 sunt
1673 1860 1813 1906 etiam
1837 1876 1941 1924 gra-

278 1941 304 1980 3
333 1935 462 1980 tiora.
534 1934 706 1979 Danda
731 1950 875 1997 opera
911 1940 982 1980 est
1018 1934 1218 1988 omnino,
1246 1934 1284 1980 si
1308 1936 1472 1996 possit,
1499 1935 1725 1998 utrisque,
1750 1952 1835 1981 nec
1860 1935 1942 1981 mi-

330 2026 433 2065 nus,
459 2015 512 2055 ut
536 2009 675 2055 etiam
701 2009 895 2072 singulis
922 2010 1221 2055 consulatur:
1261 2010 1345 2055 sed
1370 2010 1448 2064 ita,
1474 2016 1528 2056 ut
1553 2026 1608 2056 ea
1631 2026 1705 2056 res
1729 2016 1812 2056 aut
1836 2026 1942 2073 pro-

280 2090 300 2132 4
332 2085 404 2139 sit,
432 2090 514 2131 aut
550 2090 676 2131 certe
702 2101 760 2131 ne
785 2085 911 2130 obsit
933 2085 998 2130 rei
1024 2084 1241 2147 publicae.
1315 2085 1370 2131 C.
1402 2085 1607 2131 Gracchi
1640 2085 1944 2131 frumentaria

332 2176 504 2224 magna
519 2159 702 2223 largitio
722 2175 732 2214 ;
758 2160 1065 2206 exhauriebat
1085 2159 1225 2223 igitur
1245 2160 1460 2205 aerarium
1477 2176 1487 2215 ;
1513 2161 1699 2207 modica
1717 2160 1780 2207 M.
1804 2160 1944 2207 Octa-

335 2235 406 2289 vii,
451 2241 500 2281 et
539 2235 606 2280 rei
647 2235 852 2297 publicae
888 2235 1157 2290 tolerabilis,
1196 2241 1244 2280 et
1279 2235 1406 2297 plebi
1440 2236 1713 2290 necessaria,
1751 2252 1864 2299 ergo
1899 2241 1945 2282 et

280 2317 306 2356 5
334 2309 509 2356 civibus
535 2315 582 2355 ct
605 2310 671 2356 rei
696 2310 895 2372 publicae
921 2309 1149 2355 salutaris.
1222 2310 1277 2355 In
1311 2310 1470 2371 primis
1508 2316 1667 2356 autem
1690 2310 1945 2357 videndum

335 2384 422 2431 erit
446 2384 499 2439 ei,
527 2384 607 2446 qui
629 2401 729 2430 rem
757 2384 995 2447 publicam
1029 2383 1389 2440 administrabit,
1413 2391 1468 2430 ut
1492 2401 1631 2431 suum
1655 2385 1853 2448 quisque
1877 2392 1945 2432 te-

282 2465 309 2505 6
335 2464 457 2513 neat,
478 2475 630 2522 neque
650 2459 709 2505 de
728 2459 861 2506 bonis
881 2459 1171 2522 privatorum
1198 2459 1387 2521 publice
1412 2459 1670 2506 deminutio
1689 2460 1784 2506 fiat.
1833 2461 1945 2507 Per-

336 2534 505 2580 niciose
530 2534 652 2581 enim
677 2534 928 2597 Philippus
952 2534 999 2580 in
1017 2534 1272 2589 tribunatu,
1291 2551 1397 2580 cum
1421 2535 1577 2597 legem
1601 2535 1832 2598 agrariam
1856 2536 1946 2582 fer·
2010 2556 2012 2559 ’

336 2615 421 2664 ret,
448 2625 591 2671 quam
626 2615 785 2656 tamen
823 2609 1055 2672 antiquari
1089 2609 1225 2655 facile
1262 2625 1429 2671 passus
1465 2615 1551 2663 est,
1579 2616 1627 2655 et
1657 2610 1704 2656 in
1728 2627 1783 2657 eo
1807 2611 1945 2656 vehe-

337 2691 518 2730 menter
556 2700 604 2730 se
639 2685 938 2730 moderatum
975 2684 1221 2747 praebuit:
1259 2684 1343 2729 sed
1381 2701 1487 2729 cum
1511 2685 1556 2730 in
1580 2685 1766 2748 agendo
1801 2685 1946 2731 multa

341 2759 644 2822 populariter,
673 2766 774 2805 tum
810 2759 926 2805 illud
962 2759 1098 2813 male,
1124 2775 1216 2803 non
1253 2774 1354 2804 esse
1389 2759 1433 2804 in
1473 2759 1658 2806 civitate
1697 2761 1792 2806 duo
1825 2760 1947 2805 milia

287 2833 312 2880 7
339 2834 594 2888 hominum,
623 2834 703 2896 qui
737 2851 837 2880 rem
872 2834 1115 2880 haberent.
1188 2833 1413 2896 Capitalis
1446 2835 1607 2890 oratio,
1635 2835 1767 2881 etad
1793 2851 1947 2897 aequa-

340 2909 514 2955 tionem
552 2909 783 2955 bonorum
820 2909 1058 2971 pertinens
1079 2924 1088 2954 :
1127 2923 1221 2970 qua
1246 2916 1378 2970 peste
1403 2925 1510 2971 quae
1546 2915 1703 2972 potest
1727 2925 1828 2956 esse
1852 2925 1949 2955 ma-

289 2989 315 3031 8
337 2983 452 3048 jor?
513 2983 649 3030 Hanc
685 2984 806 3030 enim
842 2984 902 3030 ob
939 2999 1127 3029 causam
1165 2983 1381 3038 maxime,
1407 2989 1461 3029 ut
1486 3000 1571 3030 sua
1594 2989 1850 3038 tuerentur,
1876 2999 1949 3030 res

290 3063 317 3105 9
344 3058 546 3122 publicae
572 3058 877 3121 civitatesque
903 3057 1171 3104 constitutae
1196 3063 1318 3104 sunt.
1380 3058 1505 3104 Nam
1530 3058 1615 3104 etsi
1639 3058 1759 3104 duce
1783 3064 1948 3104 natura
