2054 3470
666 274 800 302 mnan
829 273 876 302 11.
951 273 1057 316 mr.
1089 273 1168 302 vn.
1703 262 1760 302 63

139 380 242 427 Hoc
277 380 419 445 igitur
455 381 657 443 cognito,
696 380 947 426 dicendum
987 385 1070 432 est,
1109 396 1313 441 quonam
1350 379 1490 425 modo
1527 378 1667 425 homi·
1701 383 1728 425 6

72 472 182 502 num
208 472 230 502 s
245 462 265 501 t
280 473 311 501 u
328 456 358 501 d
374 456 388 501 i
403 472 430 501 a
454 456 515 501 ad
535 455 757 501 utilitates
776 461 959 500 nostras
979 455 1161 500 allicere
1181 460 1321 516 atque
1342 454 1543 499 excitare
1569 469 1674 515 pos-

72 530 230 577 simus.
301 531 420 586 Quae
449 530 486 576 si
510 530 692 593 longior
716 530 855 576 fuerit
881 529 1042 583 oratio,
1071 545 1178 574 cum
1204 528 1528 591 magnitudine
1553 528 1673 574 utili-
1704 529 1728 574 7

71 605 179 651 tatis
199 612 527 667 comparetur;
564 604 629 650 ita
653 605 852 650 fortasse
878 604 1019 650 etiam
1044 603 1227 650 brevior
1246 603 1493 649 videbitur.
1533 603 1674 658 Quae-

22 676 29 677 7
69 695 252 742 cunque
290 680 432 743 igitur
468 679 680 725 homines
714 679 891 725 homini
931 679 1142 724 tribuunt
1173 679 1234 724 ad
1273 694 1380 724 eum
1406 678 1674 741 augendum
1702 684 1728 723 8

69 761 210 816 atque
234 755 596 809 honestandum,
617 760 700 800 aut
724 753 1048 800 benivolentiae
1075 753 1226 816 gratia
1251 753 1441 807 faciunt,
1464 769 1571 799 cum
1596 753 1674 798 ali-

67 844 161 892 qua
185 829 244 874 de
270 844 411 875 causa
435 829 702 892 quempiam
723 829 923 892 diligunt
943 845 952 882 ;
989 835 1071 874 aut
1096 827 1296 882 honoris,
1318 828 1355 874 si
1380 827 1514 890 cujus
1534 827 1675 873 virtu—

71 909 168 957 tem,
203 904 477 966 suspiciunt,
505 920 740 966 quemque
766 904 961 968 dignum
1000 904 1188 949 fortuna
1212 919 1354 965 quam
1388 902 1676 965 amplissima

70 984 269 1040 putant3
305 985 389 1024 aut
424 978 498 1024 cui
536 978 678 1025 fidem
713 979 901 1033 habent,
930 984 977 1024 et
1006 979 1123 1025 bene
1148 979 1288 1025 rebus
1314 977 1408 1023 suis
1434 977 1676 1024 consulere

67 1053 382 1108 arbitrantur;
419 1059 502 1099 aut
539 1053 673 1116 cujus
709 1069 825 1116 opes
859 1059 1109 1107 metuunt;
1146 1058 1229 1099 aut
1253 1058 1427 1106 contra,
1455 1068 1482 1097 a
1507 1052 1676 1114 quibus

67 1128 242 1190 aliquid
278 1134 546 1190 expectant,
574 1134 628 1174 ut
663 1145 772 1174 cum
803 1144 941 1191 reges
967 1128 1277 1191 popularesve
1302 1128 1513 1174 homines
1537 1127 1675 1191 largi-

66 1203 214 1250 tiones
250 1203 427 1265 aliquas
464 1209 762 1265 proponunt';
805 1210 887 1248 aut
922 1210 1161 1266 postremo
1197 1203 1346 1264 pretio
1373 1218 1427 1248 ac
1459 1201 1674 1248 mercede
1703 1207 1728 1248 9

66 1278 318 1333 ducuntur,
345 1294 453 1340 quae
492 1277 812 1324 sordidissima
837 1283 909 1323 est
938 1278 1015 1323 illa
1040 1277 1229 1340 quidem
1254 1277 1372 1324 ratio
1397 1283 1443 1323 et
1467 1277 1674 1339 inquina-

68 1353 256 1408 tissima,
278 1360 324 1399 et
348 1353 415 1408 iis,
442 1353 595 1415 quiea
619 1359 851 1408 tenentur,
874 1359 921 1399 et
945 1353 1047 1407 illis,
1074 1352 1186 1415 quid
1211 1352 1270 1398 ad
1292 1368 1395 1398 eam
1423 1353 1676 1415 confugere

67 1434 307 1475 conantur.
378 1428 503 1475 Male
539 1429 660 1475 enim
693 1444 742 1474 se
775 1444 849 1474 res
875 1428 1031 1481 habet,
1059 1445 1181 1482 cum,
1209 1427 1336 1490 quod
1362 1427 1532 1473 virtute
1559 1427 1676 1473 effici
1705 1432 1761 1472 10

66 1503 222 1558 debet,
249 1503 296 1549 id
332 1508 542 1549 tentatur
576 1503 788 1566 pecunia..
860 1503 957 1549 Sed
982 1503 1201 1566 quoniam
1226 1518 1561 1565 nonnunquam
1586 1503 1675 1548 hoc

65 1578 325 1625 subsidium
365 1579 678 1625 necessarium
715 1584 801 1632 cst,
828 1578 1232 1641 quemadmodum
1257 1578 1317 1623 sit
1348 1577 1578 1624 utendum
1604 1593 1672 1632 eo,

66 1652 287 1708 dicemus,
315 1653 352 1699 si
387 1653 516 1716 prius
554 1654 606 1699 iis
646 1653 704 1699 de
739 1654 895 1707 rebus,
932 1670 1039 1716 quae
1076 1653 1236 1699 virtuti
1275 1653 1516 1716 propIOres
1551 1659 1673 1707 sunt,

66 1728 330 1775 dixerimus.
351 1731 356 1734 '
401 1729 564 1791 Atque
590 1728 729 1774 etiam
755 1728 1008 1791 subjiciunt
1032 1745 1081 1774 se
1106 1728 1317 1774 homines
1342 1728 1536 1791 imperio
1560 1728 1673 1774 alte·
1703 1733 1757 1774 11

65 1802 158 1849 rius
177 1809 223 1848 et
248 1804 470 1866 potestati
489 1804 547 1849 de
573 1803 724 1849 causis
750 1803 977 1866 pluribus,
1025 1794 1277 1849 Ducuntur
1295 1803 1417 1849 enim
1442 1808 1525 1849 aut
1549 1803 1673 1849 beni-
1703 1808 1758 1849 12

66 1878 280 1933 volentia,
308 1884 390 1924 aut
425 1878 756 1925 beneficiorum
795 1878 1132 1941 magnitudine,
1160 1884 1243 1924 aut
1276 1878 1516 1942 dignitatis
1549 1894 1672 1941 prae-

67 1953 252 2007 stantia,
280 1960 362 1999 aut
387 1970 486 2016 spe,
516 1953 602 1999 sibi
625 1953 672 1999 id
697 1953 809 1998 utile
834 1953 1062 2007 futurum,
1084 1959 1166 1999 aut
1190 1959 1333 2007 metu,
1358 1969 1418 2000 ne
1441 1953 1486 1999 vi
1510 1967 1673 2016 parere

67 2034 308 2091 cogantur,
335 2034 418 2074 aut
453 2044 537 2090 spe
571 2027 826 2090 largitionis
856 2028 1186 2090 promissisque
1213 2028 1351 2090 capti,
1377 2033 1459 2073 aut
1494 2034 1672 2091 postre-

67 2118 157 2156 mo,
192 2109 245 2148 ut
283 2119 409 2165 saepe
450 2102 495 2148 in
533 2108 693 2148 nostra
730 2118 779 2148 re
819 2103 1008 2165 publica
1045 2102 1272 2157 videmus,
1309 2103 1526 2149 mercede
1565 2120 1672 2149 con-

68 2177 209 2224 ducti.

132 2328 245 2374 VH.
285 2328 506 2374 Omnium
545 2334 703 2374 autem
741 2345 896 2374 rerum
935 2345 1019 2375 nec
1055 2329 1211 2391 aptius
1243 2334 1315 2375 est
1339 2323 1586 2391 quicquam
1612 2329 1672 2375 ad

67 2418 180 2465 opes
203 2403 402 2448 tuendas
427 2419 480 2449 ac
505 2403 746 2457 tenendas,
774 2420 914 2465 quam
941 2403 1082 2466 diligi,
1109 2420 1194 2450 nec
1220 2404 1424 2458 alienius,
1452 2420 1593 2466 quam
1617 2404 1672 2450 ti·

67 2477 193 2523 meri.
262 2477 499 2524 Praeclare
524 2478 645 2524 enim
669 2478 870 2524 Ennius:
1699 2485 1725 2525 2

93 2587 237 2646 Quem
260 2595 483 2644 metuunt,
510 2589 730 2634 oderunt:
768 2605 898 2649 quem
926 2590 1114 2650 quisque
1139 2590 1247 2644 odit,
1267 2591 1458 2649 periisse
1480 2592 1654 2650 expetit.

69 2705 326 2752 Multorum
363 2713 522 2754 autem
561 2708 676 2754 odiis
709 2709 862 2754 nullas
898 2725 1012 2772 opes
1046 2725 1184 2771 posse
1208 2709 1446 2764 obsistere,
1475 2710 1512 2756 si
1537 2717 1673 2757 antea
1701 2717 1724 2756 3

71 2781 156 2827 fuit
178 2781 406 2844 ignotum,
432 2798 582 2845 nuper
607 2789 678 2829 est
710 2784 962 2847 cognitum.
1033 2784 1133 2830 Nec
1160 2800 1271 2830 vero
1306 2785 1449 2848 hujus
1488 2785 1673 2848 tyranni
1701 2791 1722 2832 4

72 2856 236 2910 solum,
263 2871 403 2918 quem
428 2856 566 2902 armis
601 2873 827 2920 oppressa
862 2858 1055 2921 pertulit
1090 2858 1265 2914 civitas,
1292 2865 1518 2922 paretque
1545 2875 1671 2905 cum-

71 2930 268 2976 maxime
308 2936 508 2985 mortuo,
549 2931 762 2978 interitus
803 2931 1025 2987 declarat,
1062 2939 1291 2995 quantum
1326 2933 1485 2979 odium
1526 2933 1672 2979 homi-

71 3019 183 3050 uum
206 3005 360 3050 valeat
384 3004 445 3058 ad
470 3011 653 3068 pestem
673 3021 684 3058 ;
719 3006 804 3053 sed
827 3007 1112 3068 reliquorum
1147 3007 1316 3053 similes
1341 3007 1491 3053 exitus
1516 3013 1673 3069 tyran·

73 3093 250 3132 norum,
277 3095 476 3142 quorum
510 3079 639 3125 haud
674 3080 769 3126 fere
794 3081 1040 3143 quisquam
1065 3081 1207 3127 talem
1232 3081 1467 3127 interitum
1493 3081 1669 3145 effugit.
