2054 3470
271 246 329 286 94
834 272 837 275 s
965 257 1025 286 DE
1054 257 1267 286 OFFICIIS

270 366 328 409 10
355 362 608 418 Phalarim,
650 363 889 410 crudelem
930 369 1181 426 tyrannum
1223 370 1270 410 et
1310 380 1556 409 immanem
1597 363 1664 408 vir
1705 363 1868 418 bonus,
1904 379 1958 409 ne

352 438 456 500 ipse
480 438 653 501 frigore
679 438 964 493 conficiatur,
990 439 1164 485 vestitu
1190 439 1389 501 spoliare
1415 438 1577 501 possit,
1605 453 1758 483 nonne
1782 437 1958 484 faciat?

275 518 325 560 11
356 513 473 559 Haec
499 514 559 558 ad
580 513 889 576 judicandum
915 521 1024 565 sunt
1047 514 1278 560 facillima.
1339 514 1465 559 Nam
1490 512 1527 558 si
1552 512 1666 575 quid
1690 513 1750 559 ab
1776 512 1962 558 homine
2023 510 2026 511 ⁷

352 588 413 633 ad
440 588 613 633 nullam
640 594 824 650 partem
849 589 964 642 utili,
992 589 1204 635 utilitatis
1231 595 1326 635 tuae
1366 604 1508 635 causa
1533 587 1802 642 detraxeris,
1829 587 1961 633 inhu-

352 679 489 709 mane
527 663 690 709 feceris
730 670 988 725 contraque
1026 670 1208 710 naturae
1248 665 1432 727 legem:
1470 663 1539 710 sin
1563 669 1722 709 autem
1747 663 1784 708 is
1809 668 1863 708 tu
1887 663 1961 716 sis,

352 738 431 801 qui
468 739 667 784 multam
705 739 955 785 utilitatem
979 738 1044 784 rei
1069 739 1270 802 publicae
1307 745 1448 802 atque
1472 738 1712 784 hominum
1739 737 1962 791 societati,

351 814 389 859 si
423 813 470 859 in
503 813 599 859 vit-a
632 829 886 868 remaneas,
915 814 1080 859 afferre
1116 814 1280 876 possis,
1309 814 1346 860 si
1381 814 1493 876 quid
1529 815 1589 860 ob
1629 828 1732 859 eam
1775 828 1963 859 causam

270 893 325 934 12
353 888 486 934 alteri
528 888 798 942 detraxeris,
836 905 930 934 non
971 889 1029 934 sit
1071 888 1529 950 reprehendendum.
1603 888 1688 934 Sin
1724 894 1883 933 autern
1917 887 1964 932 id

351 979 443 1009 non
468 963 527 1008 sit
552 963 654 1027 ejus
680 963 820 1017 modi,
850 979 987 1008 suum
1001 1024 1008 1028 .,
1026 962 1192 1024 cuique
1227 962 1578 1008 incommodum
1612 961 1858 1008 ferendum
1894 967 1965 1007 est

272 1044 325 1084 13
354 1038 524 1101 potius,
551 1053 692 1099 qua-m
719 1037 778 1083 de
805 1032 1278 1083 alteriuscommodis
1315 1037 1677 1084 detrahendum.
1748 1036 1858 1083 Non
1881 1036 1964 1098 igi-

354 1119 432 1158 tur
468 1112 619 1175 magis
657 1117 729 1157 est
768 1117 930 1157 contra
964 1118 1183 1157 naturam
1207 1112 1400 1158 morbus
1425 1117 1507 1157 aut
1533 1117 1720 1174 egestas
1745 1116 1830 1157 aut
1854 1111 1966 1174 quid

351 1188 452 1250 ejus
473 1187 613 1241 modi,
632 1203 773 1249 quam
795 1186 1026 1233 detractio
1045 1193 1186 1249 atque
1212 1186 1439 1250 appetitio
1460 1186 1619 1232 alieni:
1647 1186 1731 1232 sed
1756 1202 1964 1232 commu-

352 1262 421 1308 nis
446 1262 657 1308 utilitatis
679 1261 917 1308 derelictio
954 1267 1116 1307 contra
1150 1268 1369 1307 naturam
1396 1267 1494 1316 est;
1531 1266 1603 1307 est
1627 1261 1749 1307 enim
1775 1261 1962 1324 injusta.

271 1342 322 1382 14
355 1338 522 1399 ltaque
546 1337 621 1382 lex
646 1337 748 1398 ipsa
773 1342 970 1390 naturae,
999 1353 1106 1399 quae
1143 1337 1394 1382 utilitatem
1434 1336 1678 1382 hominum
1716 1343 1965 1382 conservat

353 1418 400 1457 et
425 1411 642 1465 continet,
671 1411 878 1457 decernit
904 1413 1129 1474 profecto,
1158 1418 1211 1457 ut
1236 1412 1296 1457 ab
1322 1411 1508 1457 homine
1540 1410 1675 1457 inerti
1700 1417 1842 1473 atque
1866 1411 1964 1457 inu-

353 1487 419 1532 tili
444 1487 504 1532 ad
530 1486 804 1549 sapientem,
832 1487 1023 1541 bonum,
1050 1487 1221 1532 fortem
1245 1485 1395 1531 virum
1430 1486 1772 1531 transferantur
1806 1502 1880 1532 res
1905 1486 1965 1532 ad

352 1561 602 1607 vivendum
628 1561 903 1607 necessariae
924 1577 934 1615 ;
971 1561 1064 1622 qui,
1092 1561 1129 1606 si
1153 1560 1388 1615 occiderit,
1415 1560 1620 1606 multum
1647 1560 1706 1606 de
1733 1560 1965 1607 communi

354 1636 554 1682 utilitate
581 1635 860 1681 detraxerit:
887 1635 1028 1681 modo
1048 1636 1137 1681 hoc
1157 1635 1221 1680 ita
1240 1635 1392 1689 faciat,
1412 1641 1467 1681 ut
1486 1651 1542 1680 ne
1562 1635 1662 1698 ipse
1687 1635 1746 1681 de
1772 1651 1820 1681 se
1846 1637 1964 1682 bene

353 1711 621 1757 existimans
648 1726 843 1772 seseque
869 1710 1066 1773 diligens
1092 1710 1211 1755 hanc
1233 1725 1423 1756 causam
1448 1711 1624 1756 habeat
1648 1710 1709 1756 ad
1734 1710 1962 1773 injuriam.

272 1791 325 1833 15
353 1787 428 1832 Ita
447 1801 632 1848 semper
656 1785 806 1830 officio
830 1785 1069 1848 fungetur,
1087 1785 1275 1830 utilitati
1295 1785 1542 1830 consulens
1567 1785 1822 1839 hominum,
1843 1791 1890 1831 et
1910 1785 1963 1839 ei,

272 1865 325 1906 16
352 1876 495 1922 quam
530 1875 660 1921 saepe
698 1875 1030 1913 commemoro,
1058 1853 1279 1906 humanae
1308 1859 1530 1906 societati.
1602 1859 1726 1905 Nam
1752 1860 1878 1922 quod
1904 1860 1964 1905 ad

351 1934 591 1980 Phalarim
616 1934 799 1988 attinet,
821 1934 1039 1997 perfacile
1061 1934 1290 1997 judicium
1315 1940 1399 1981 est.
1453 1934 1598 1980 Nulla
1622 1934 1742 1980 enim
1768 1935 1964 1981 societas

273 2011 324 2057 17
352 2010 484 2058 nobis
510 2026 617 2055 cum
641 2009 864 2071 tyrannis,
884 2015 931 2055 et
951 2009 1106 2071 potius
1133 2024 1317 2055 summa
1336 2009 1577 2055 distractio
1598 2015 1669 2055 est
1687 2024 1695 2055 z
1722 2025 1874 2072 neque
1894 2016 1964 2055 est

352 2091 514 2132 contra
547 2091 779 2138 naturam,
807 2084 1008 2146 spoliare
1045 2100 1166 2137 eum,
1194 2084 1231 2130 si
1256 2084 1418 2146 possis,
1447 2100 1585 2146 quem
1612 2090 1683 2130 est
1715 2085 1963 2130 honestum

352 2174 541 2205 necare:
580 2164 722 2220 atque
747 2159 837 2204 hoc
862 2174 1000 2204 omne
1024 2175 1174 2221 genus
1212 2159 1488 2221 pestiferum
1520 2166 1660 2222 atque
1685 2159 1881 2222 impium
1905 2176 1963 2206 ex

273 2240 325 2279 18
351 2234 592 2279 hominum
619 2232 953 2278 communitate
973 2233 1375 2278 exterminandum
1403 2239 1486 2279 est.
1544 2234 1729 2279 Etenim
1747 2240 1800 2280 ut
1820 2250 1964 2286 memff

352 2309 435 2355 bra
454 2308 675 2370 quaedam
702 2313 1021 2369 amputantur,
1041 2307 1079 2352 si
1098 2314 1145 2353 et
1164 2307 1266 2369 ipsa
1291 2307 1515 2369 sanguine
1536 2314 1584 2352 et
1608 2313 1848 2370 tamquam
1870 2309 1961 2372 spi-

351 2383 444 2428 ritu
483 2398 642 2428 carere
682 2387 943 2444 coeperunt,
971 2388 1019 2426 et
1054 2388 1224 2427 nocent
1258 2382 1446 2443 reliquis
1484 2382 1698 2444 partibus
1724 2384 1961 2445 corporis:

356 2458 420 2503 sic
447 2457 535 2503 ista
559 2457 602 2502 in
627 2457 778 2520 figura
801 2456 1001 2501 hominis
1036 2456 1194 2501 feritas
1220 2462 1267 2502 et
1290 2456 1552 2501 immanitas
1588 2457 1758 2511 beluae,
1786 2473 1813 2502 a
1838 2474 1961 2504 com-

276 2537 326 2578 19
355 2532 481 2577 muni
506 2539 746 2595 tamquam
772 2531 1073 2576 humanitatis
1099 2546 1293 2593 corpore
1327 2531 1624 2594 segreganda
1649 2537 1732 2578 est.
1804 2532 1962 2595 Hujus

353 2607 535 2669 generis
571 2606 856 2668 quaestiones
897 2610 1007 2650 sunt
1043 2621 1203 2651 omnes
1246 2621 1331 2659 eae,
1369 2605 1415 2650 in
1450 2605 1619 2667 quibus
1655 2621 1713 2651 ex
1748 2612 1961 2670 tempore

352 2681 554 2727 officium
581 2681 854 2743 exquiritur.

396 2830 510 2875 VII.
532 2829 648 2892 Ejus
672 2830 796 2874 modi
822 2829 963 2892 igitur
982 2828 1122 2874 credo
1140 2844 1213 2874 res
1232 2829 1493 2874 Panaetium
1514 2835 1868 2891 persecuturum
1889 2830 1958 2875 su-

352 2905 456 2958 isse,
474 2903 561 2949 nisi
586 2904 725 2965 aliqui
751 2919 885 2951 casus
910 2909 992 2948 aut
1017 2903 1263 2964 occupatio
1284 2904 1524 2949 consilium
1545 2904 1646 2965 ejus
1672 2904 1957 2966 peremisset.

301 2983 327 3024 2
355 2978 435 3024 Ad
455 2994 571 3040 quas
595 2978 720 3040 ipsas
740 2977 1103 3024 consultationes
1124 2993 1180 3022 ex
1201 2978 1515 3039 superioribus
1535 2978 1662 3024 libris
1682 2978 1792 3023 satis
1812 2978 1957 3024 multa

355 3059 595 3116 praecepta
620 3061 742 3107 sunt,
764 3052 932 3114 quibus
960 3051 1158 3114 perspici
1185 3053 1344 3114 possit,
1372 3052 1482 3114 quid
1509 3053 1568 3097 sit
1594 3059 1786 3114 propt-er
1812 3052 1954 3114 turpi-
