2054 3470
264 205 320 247 26
954 213 1012 243 DE
1040 213 1249 244 ormcns
1291 224 1295 228 ·

293 328 320 369 6
412 322 778 386 Intelligendum
820 326 892 368 est
938 327 1112 375 autem,
1162 336 1273 367 cum
1331 318 1574 383 proposita
1631 316 1721 363 sint
1779 331 1946 380 genera

346 404 583 461 quattuor,
611 414 670 443 ex
694 397 864 460 quibus
898 397 1122 442 honestas
1161 395 1458 456 officiumque
1495 398 1720 447 manaret,
1746 390 1949 454 splendi-
2003 386 2007 388 Ἴ

345 474 589 520 dissimum
604 473 762 525 videri,
785 471 912 534 quod
937 487 964 516 a
979 471 1032 517 ni
1048 487 1096 516 m
1111 486 1138 517 o
1173 486 1220 516 m
1232 485 1259 515 a
1274 487 1306 532 g
1323 486 1353 515 n
1368 485 1395 515 o
1428 468 1483 514 el
1499 483 1526 513 a
1540 473 1560 513 t
1576 484 1603 514 o
1614 484 1644 529 q
1658 484 1690 513 u
1705 482 1730 512 e
1754 467 1948 513 human·

294 549 317 593 7
346 564 490 610 asque
515 564 588 594 res
614 547 899 609 despiciente
933 546 1112 592 factum
1138 545 1210 591 sit.
1282 545 1450 606 Itaque
1475 543 1521 588 in
1545 541 1726 604 probris
1751 540 1948 586 maxime

343 623 388 669 in
414 629 638 686 promptu
662 628 746 676 est,
774 622 810 666 si
835 620 946 683 quid
971 621 1065 666 tale
1089 619 1180 666 dici
1203 625 1387 682 potest:

497 732 585 780 Vos
608 735 781 787 etenim,
798 733 996 794 juvenes,
1024 733 1234 776 animum
1253 730 1411 790 yerz'tis
1436 729 1713 782 muliebrem,

491 810 583 856 Illa
607 811 764 868 virayo
788 809 890 855 via-52

346 924 404 968 Et.
428 922 465 969 si
489 922 600 985 quid
626 919 880 983 ejusmodi:

493 1032 716 1086 Salmaci,
745 1031 806 1075 cla
830 1030 991 1090 spolia,
1019 1029 1113 1074 sine
1136 1027 1299 1073 sudore
1322 1034 1361 1073 et
1387 1027 1619 1087 sanquine.

294 1152 318 1193 8
348 1147 617 1207 Contraque
655 1142 702 1188 in
738 1141 973 1194 laudibus,
1001 1155 1107 1202 quae
1143 1154 1316 1202 magno
1341 1138 1492 1183 auimo
1516 1137 1699 1183 fortiter
1723 1137 1946 1184 excellen-

345 1227 510 1282 terque
551 1224 688 1282 gesta
728 1220 851 1269 sunt,
889 1230 944 1260 ea
981 1213 1137 1260 nescio
1179 1212 1415 1276 quomodo
1456 1211 1587 1275 quasi
1627 1211 1833 1274 pleniore
1874 1227 1950 1258 ore

294 1302 319 1342 9
346 1294 608 1341 laudamus.
680 1291 802 1337 Hinc
826 1290 1070 1335 rhetorum
1097 1304 1292 1350 campus
1313 1287 1370 1333 de
1390 1286 1680 1340 Marathone,
1703 1286 1950 1342 Salamine,
1996 1302 2006 1311 ⁴

346 1368 556 1422 Plataeis,
597 1365 941 1427 Thermopylis,
980 1363 1221 1410 Leuctris:
1272 1363 1379 1408 hinc
1426 1366 1585 1407 noster
1626 1361 1807 1414 CocleS‚
1846 1361 1952 1407 hinc

349 1443 493 1497 Decii,
519 1442 626 1488 hinc
654 1442 835 1487 Gnaeus
871 1446 918 1485 et
952 1439 1150 1485 Publius
1177 1437 1432 1500 Scipiones,
1459 1435 1566 1481 hinc
1593 1435 1658 1481 M.
1685 1435 1951 1490 Marcellus,

348 1517 705 1565 innumerabiles
730 1515 804 1560 alii
826 1530 835 1560 :
872 1514 1166 1575 maximeque
1191 1512 1291 1575 ipse
1317 1512 1521 1574 populus
1542 1511 1782 1557 Romanus
1816 1511 1952 1558 animi

348 1591 668 1657 magnitudine
688 1590 885 1636 excellit.
938 1589 1215 1634 Declaratur
1233 1592 1391 1632 autem
1417 1585 1625 1631 studium
1645 1585 1825 1632 bellicae
1855 1586 1953 1649 glo-

349 1669 443 1724 riae,
471 1667 598 1731 quod
624 1672 803 1712 statuas
828 1679 1012 1727 quoque
1038 1662 1250 1709 videmus
1276 1669 1444 1707 ornatu
1469 1661 1564 1706 fere
1590 1660 1786 1707 militari.

416 1819 547 1865 XIX.
586 1816 682 1863 Sed
709 1831 762 1862 ea
787 1814 926 1860 animi
945 1813 1097 1867 elatio,
1116 1829 1223 1874 quae
1243 1811 1445 1858 cernitur
1463 1810 1508 1856 in
1528 1810 1742 1873 periculis
1763 1817 1810 1856 et
1827 1811 1954 1857 laho-

352 1895 493 1949 ribus,
521 1893 558 1939 si
592 1891 773 1955 justitia
797 1895 947 1943 vacat,
975 1894 1250 1950 pugnatque
1288 1902 1381 1931 non
1416 1901 1502 1948 pro
1527 1885 1678 1930 salute
1705 1885 1954 1939 communi,

353 1970 437 2016 sed
479 1984 565 2031 pro
603 1967 697 2012 suis
741 1963 1011 2017 commodis,
1036 1963 1083 2008 in
1118 1962 1228 2007 vitio
1266 1966 1350 2007 est.
1422 1960 1531 2006 Non
1571 1960 1692 2006 enim
1729 1960 1871 2006 modo
1908 1960 1955 2006 id

352 2043 535 2091 virtutis
559 2058 651 2088 non
676 2045 760 2094 est,
788 2039 872 2085 sed
908 2044 980 2084 est
1013 2037 1170 2100 potius
1194 2034 1508 2089 immanitatis,
1535 2050 1721 2080 omnem
1745 2034 1984 2080 humani-x

302 2126 326 2166 2
354 2125 500 2166 tatem
515 2115 796 2179 repellentis.
868 2114 1036 2175 Itaque
1062 2112 1214 2174 probe
1234 2100 1452 2156 definitur
1475 2125 1503 2155 a
1522 2109 1690 2155 Stoi01s
1714 2109 1956 2164 fortitudo,

354 2209 461 2240 cum
485 2208 588 2238 eam
612 2190 834 2237 virtutem
870 2203 973 2233 esse
1009 2187 1170 2232 dicunt
1205 2189 1587 2248 propugnantem
1613 2199 1698 2245 pro
1724 2184 1957 2246 aequitate.

303 2276 327 2316 Β
356 2266 584 2324 Quocirca
618 2279 771 2318 nemo,
806 2263 885 2325 qui
909 2260 1194 2307 fortitudinis
1229 2259 1425 2323 gloriam
1453 2264 1732 2304 consecutus
1758 2263 1829 2303 est
1852 2258 1957 2304 insi·

356 2343 442 2389 diis
478 2347 525 2387 et
558 2339 747 2392 malitia,
783 2336 972 2383 laudem
1007 2341 1080 2381 est
1121 2334 1337 2397 adeptus.
1408 2332 1537 2379 Nihil
1572 2331 1822 2377 honestum
1857 2348 1958 2379 esse

309 2423 329 2464 4
358 2421 529 2480 potest,
545 2414 671 2476 quod
694 2412 876 2476 justitia
893 2417 1046 2457 vacat.
1114 2409 1403 2455 Praeclarum
1427 2407 1571 2470 igitur
1594 2406 1709 2452 illud
1733 2406 1957 2454 Platonis.

358 2492 467 2538 Non
514 2490 682 2542 solum,
722 2487 885 2549 inquit,
924 2484 1129 2539 scientia,
1173 2500 1281 2545 quae
1324 2488 1396 2528 est
1441 2487 1623 2527 remota
1659 2481 1717 2527 ab
1763 2481 1959 2543 justitia,

358 2565 585 2613 calliditas
610 2563 778 2626 potius,
801 2577 941 2624 quam
966 2559 1192 2621 sapientia
1210 2564 1282 2604 est
1306 2555 1613 2619 appellanda:
1640 2570 1803 2600 verum
1821 2555 1961 2602 etia-m

358 2641 539 2686 animus
564 2645 757 2701 paratus
782 2637 843 2682 ad
876 2635 1150 2698 periculum,
1178 2633 1213 2679 si
1240 2648 1324 2678 sua
1350 2631 1620 2694 cupiditate,
1647 2645 1738 2675 non
1762 2630 1961 2676 utilitate

360 2713 597 2761 communi
634 2712 904 2774 impellitur,
931 2709 1141 2755 audaciae
1185 2707 1340 2771 potius
1382 2721 1554 2752 nomen
1596 2705 1783 2758 habeat,
1821 2720 1961 2766 quam

307 2799 331 2837 5
362 2788 658 2835 fortitudinis.
698 2787 866 2847 Itaque
882 2785 1004 2830 viros
1029 2784 1174 2829 fortes
1195 2788 1242 2828 et
1260 2781 1582 2844 magnanimos
1603 2778 1794 2824 eosdem
1815 2779 1962 2825 bonos

361 2870 408 2909 et
443 2861 692 2925 simplices,
719 2859 926 2905 veritatis
961 2858 1134 2904 amicos
1170 2856 1447 2917 minimeque
1484 2855 1674 2900 fallaces
1706 2868 1808 2898 esse
1833 2852 1963 2898 volu-

310 2948 334 2984 15
363 2952 494 2984 mus:
531 2953 638 2999 quae
666 2940 773 2980 sunt
793 2950 848 2980 ex
874 2933 1027 2978 media
1051 2932 1192 2978 laude
1213 2931 1422 2993 justitiae.
1495 2929 1590 2975 Sed
1615 2929 1730 2975 illud
1750 2927 1962 2974 odiosum

362 3018 447 3066 est,
474 3011 600 3074 quod
626 3011 670 3055 in
696 3010 783 3054 hac
810 3008 1006 3053 elatione
1032 3013 1079 3052 et
1103 3005 1421 3068 magnitudine
1448 3004 1583 3049 animi
1620 3003 1834 3049 facillime
1860 3015 1956 3063 pcr-
