2054 3470
229 187 285 227 62
916 191 976 220 DE
1016 190 1226 221 ormcns

311 300 710 347 animadversores
729 299 959 352 vitiorum,
980 313 1152 361 magna
1177 312 1304 359 saepe
1329 295 1647 358 intelligemus
1672 311 1728 341 cx
1749 297 1915 357 parvis,

259 382 283 423 2
310 377 382 423 Ex
401 375 642 423 oculorum
662 375 846 427 obtutu,
866 388 923 418 ex
947 373 1300 435 superciliorum
1318 376 1401 416 aut
1418 369 1687 416 remissione
1706 379 1788 415 aut
1813 386 1915 416 con-

310 450 550 505 tractione,
588 465 646 495 ex
684 447 921 502 moestitia‚
955 463 1013 493 ex
1048 447 1294 501 hilaritate,
1334 462 1392 492 ex
1432 445 1542 499 risu,
1581 461 1639 490 ex
1672 444 1919 498 locutione,

311 542 370 572 ex
404 524 660 578 reticentia,
695 539 752 569 ex
785 522 1080 569 contentione
1104 521 1230 567 vocis
1255 526 1302 567 et
1326 520 1647 573 submissione,
1675 535 1732 566 ex
1757 519 1922 565 ceteris

311 600 536 646 similibus
573 598 708 644 facile
742 597 1078 660 judicabimus,
1106 595 1218 659 quid
1255 612 1418 642 eorum
1454 601 1565 658 apte
1591 595 1684 648 fiat,
1713 594 1824 657 quid
1862 594 1922 639 ab

310 674 458 722 officio
482 679 745 735 naturaque
774 671 1026 734 discrepet.

257 756 284 796 3
378 750 482 805 Quo
506 748 552 794 in
577 763 751 811 genere
776 763 870 792 non
889 752 962 792 est
986 745 1351 799 incommodum,
1373 744 1511 807 quale
1530 744 1737 807 quidque
1761 760 1922 790 eorum

310 824 382 879 sit,
410 840 468 870 ex
492 823 591 869 aliis
612 822 839 886 judicare,
860 828 926 875 ut,
949 821 988 867 si
1011 821 1124 883 quid
1144 821 1373 866 dedeceat
1397 820 1443 866 in
1467 820 1567 874 illis,
1595 820 1796 866 vitemus
1820 818 1922 881 ipsi.

257 905 284 945 4
311 900 387 946 Fit
411 899 533 945 enim
558 897 713 943 nescio
738 896 992 958 quomodo,
1020 901 1074 941 ut
1097 895 1245 957 magis
1280 895 1327 940 in
1362 895 1462 940 aliis
1496 910 1755 948 cernamus,
1782 909 1922 956 quam

257 982 283 1021 5
309 975 355 1020 in
379 973 613 1019 nobismet
638 971 764 1033 ipsis,
784 971 822 1016 si
846 970 959 1032 quid
985 969 1284 1032 delinquitur.
1345 970 1516 1031 Itaque
1541 968 1759 1014 facillime
1785 968 1923 1015 corri-

308 1055 485 1112 guntur
508 1047 553 1093 in
579 1046 816 1100 discendo,
845 1061 1046 1108 quorum
1071 1045 1181 1090 vitia
1214 1044 1456 1090 imitantur
1479 1043 1759 1089 emendandi
1784 1059 1925 1090 causa

310 1122 535 1186 magistri.

257 1205 283 1246 6
377 1199 477 1245 Nec
504 1214 614 1244 vero
653 1197 857 1242 alienum
893 1202 978 1250 est,
1007 1195 1066 1241 ad
1094 1211 1149 1241 ea
1174 1195 1408 1258 eligenda,
1436 1211 1544 1257 quae
1585 1194 1924 1240 dubitationem

309 1274 523 1327 afferunt,
551 1272 774 1318 adhibere
801 1271 966 1317 doctos
992 1271 1220 1324 homines,
1247 1270 1321 1316 vel
1347 1270 1487 1316 etiam
1521 1286 1611 1315 usu
1647 1269 1835 1332 peritos,
1862 1275 1923 1324 et,

259 1350 283 1396 7
310 1349 423 1412 quid
447 1348 499 1394 iis
526 1348 584 1393 de
610 1362 798 1409 quoque
835 1345 971 1392 officii
1006 1361 1180 1408 genere
1220 1345 1418 1408 placeat,
1446 1344 1701 1405 exquirere.
1772 1343 1919 1408 Major

311 1424 433 1470 enim
459 1439 567 1485 pars
593 1438 648 1468 eo
672 1422 768 1467 fere
794 1420 966 1466 deferri
989 1421 1124 1475 solet,
1151 1436 1244 1482 quo
1270 1436 1298 1465 a
1320 1425 1489 1465 natura
1523 1419 1626 1482 ipsa
1661 1418 1923 1466 deducitur.

312 1499 368 1545 In
393 1498 561 1561 quibus
587 1496 843 1542 videndum
879 1500 963 1550 est,
990 1511 1083 1541 non
1117 1494 1259 1541 modo
1295 1494 1407 1557 quid
1448 1494 1645 1556 quisque
1692 1494 1924 1556 loquatur,

311 1574 395 1620 sed
433 1573 573 1619 etiam
613 1571 725 1634 quid
762 1570 960 1633 quisque
999 1570 1184 1625 sentiat,
1213 1575 1358 1631 atque
1394 1569 1536 1615 etiam
1575 1585 1668 1631 qua
1704 1568 1763 1615 de
1789 1584 1925 1615 causa

260 1656 284 1697 8
313 1649 509 1712 quisque
535 1646 718 1693 sentiat.
770 1646 839 1691 Ut
858 1645 980 1692 enim
1001 1645 1219 1708 pictores,
1238 1651 1285 1690 et
1305 1644 1347 1699 ii,
1367 1644 1446 1706 qui
1471 1644 1604 1707 signa
1622 1644 1925 1699 fabricantur,

311 1731 359 1770 et
382 1739 493 1770 vero
518 1722 659 1768 etiam
693 1726 863 1783 poetae,
891 1737 1029 1766 suum
1054 1719 1250 1782 quisque
1277 1735 1396 1782 opus
1422 1735 1449 1764 a
1474 1719 1620 1781 vulgo
1645 1719 1927 1766 considerari

313 1799 428 1853 vult,
455 1804 523 1852 ut,
550 1797 588 1843 si
623 1795 735 1858 quid
768 1795 1108 1858 reprehensum
1151 1795 1209 1840 sit
1245 1810 1272 1839 a
1308 1794 1534 1856 pluribUS,
1562 1794 1608 1839 id
1635 1794 1926 1857 corrigatur;

312 1874 452 1936 hique
477 1878 524 1918 et
549 1887 723 1925 secum,
752 1876 799 1916 et
823 1887 931 1916 cum
956 1870 1069 1924 aliis,
1097 1869 1210 1932 quid
1235 1869 1281 1915 in
1307 1886 1362 1915 eo
1389 1875 1638 1931 peccatum
1665 1869 1738 1924 sit,
1767 1869 1926 1932 exqui-

314 1955 421 1995 runt
442 1964 451 1994 ε
490 1947 553 1993 sic
579 1946 776 1992 aliorum
797 1945 976 2008 judicio
1012 1945 1250 2007 permulta
1274 1944 1408 1990 nobis
1436 1950 1483 1989 et
1508 1944 1736 1998 facienda,
1765 1950 1811 1990 et
1834 1960 1927 1990 non

314 2022 540 2076 facienda,
569 2027 617 2067 et
642 2020 883 2075 mutanda,
910 2026 958 2066 et
983 2019 1261 2082 corrigenda
1289 2025 1411 2065 sunt.

262 2106 288 2145 9
383 2099 502 2153 Quae
546 2112 657 2143 vero
704 2111 834 2141 more
881 2100 1084 2157 agentur
1129 2094 1447 2156 institutisque
1495 2094 1720 2147 civilibus,
1769 2093 1828 2140 de
1876 2093 1927 2140 iis

239 2181 290 2220 [Ο
320 2173 428 2219 nihil
456 2177 527 2218 est
547 2169 932 2233 praecipiendum.
1004 2169 1093 2214 Illa
1119 2168 1240 2214 enim
1266 2169 1367 2231 ipsa
1393 2174 1636 2230 praecepta
1662 2175 1785 2214 sunt.
1825 2168 1927 2214 Nec

318 2261 604 2310 quemquam
639 2245 729 2290 hoc
755 2259 910 2289 errore
936 2242 1046 2289 duci
1080 2248 1281 2305 oportet,
1309 2249 1375 2297 ut,
1404 2243 1440 2288 si
1465 2243 1576 2305 quid
1602 2243 1820 2289 Socrates
1846 2249 1927 2289 aut

318 2321 593 2383 Aristippus
619 2324 782 2365 contra
806 2333 984 2363 morem
1010 2317 1489 2379 consuetudinemque
1516 2317 1695 2363 civilem
1720 2317 1927 2371 fecerint,

241 2404 250 2443 l
274 2404 290 2442 l
319 2396 523 2443 locutive
548 2394 653 2448 sint,
679 2392 804 2438 idem
829 2392 915 2438 sibi
940 2391 1195 2438 arbitretur
1219 2391 1371 2439 licere.
1441 2392 1628 2454 Magnis
1653 2391 1718 2437 illi
1742 2397 1789 2438 et
1815 2391 1927 2438 divi-

319 2471 390 2517 nis
428 2469 561 2517 bonis
600 2469 721 2514 hanc
767 2466 1002 2513 licentiam
1039 2467 1423 2528 assequebantur.
1496 2466 1781 2528 Cynicorum
1817 2482 1928 2513 vero

241 2552 291 2592 2‘3
320 2545 436 2591 ratio
471 2550 572 2590 tota
606 2548 677 2589 est
714 2541 958 2605 ejicienda.
1032 2540 1118 2586 Est
1142 2541 1263 2586 enim
1290 2540 1473 2586 inimica
1496 2541 1805 2599 verecundiae,
1832 2540 1927 2587 sinc

321 2635 416 2682 qua
449 2618 559 2664 nihil
597 2623 778 2663 rectum
812 2631 915 2662 esse
957 2621 1128 2678 potest,
1154 2615 1267 2661 nihil
1301 2616 1564 2662 honestum.
1634 2615 1728 2662 Eos
1754 2622 1927 2670 autem,

321 2709 522 2757 quorum
547 2692 643 2738 vita
681 2696 930 2754 perspecta
964 2690 1010 2736 in
1046 2691 1188 2736 rebus
1223 2690 1430 2736 honestis
1465 2697 1607 2752 atque
1632 2691 1815 2753 magnis
1840 2698 1927 2745 est,

323 2770 443 2816 bene
469 2767 528 2813 de
552 2782 601 2812 re
626 2765 815 2828 publica
839 2764 1105 2819 sentienteS,
1132 2780 1186 2810 ac
1211 2765 1330 2810 bene
1355 2766 1546 2810 meritos
1570 2770 1653 2810 aut
1677 2771 1925 2819 merentes,

322 2843 401 2897 sic,
426 2847 481 2887 ut
513 2841 668 2902 aliquo
706 2840 882 2884 honore
920 2844 1003 2884 aut
1046 2838 1240 2900 imperio
1276 2839 1482 2892 affectos,
1509 2839 1756 2885 observare
1781 2844 1828 2884 et
1853 2855 1926 2885 co-

321 2918 416 2963 lere
441 2916 694 2962 debemus:
731 2913 935 2959 tribuere
960 2912 1099 2958 etiam
1135 2913 1334 2959 multum
1372 2913 1629 2959 senectuti:
1668 2912 1835 2959 cedere
1859 2913 1924 2966 iis,

322 2991 401 3054 qui
435 2990 762 3053 magistratum
797 2988 1068 3033 habebunt:
1108 2987 1281 3033 habere
1319 2987 1554 3033 delectum
1591 2986 1699 3032 civis
1725 2993 1772 3033 et
1796 3003 1923 3050 peru-
