2054 3470
657 219 796 250 [2113ssst
822 220 851 249 1.
900 220 1030 250 ·CAP.
1060 221 1196 250 xvm.
1719 209 1775 250 25

94 330 233 382 liberi,
277 327 541 391 propinqui,
583 327 859 373 familiares:
911 326 995 372 sed
1033 342 1193 372 omnes
1232 326 1438 371 omnium
1479 325 1695 371 caritates

92 403 241 465 patria
274 418 368 448 una
410 401 654 464 complexa
689 407 790 448 est:
829 417 914 463 pro
939 417 1032 463 qua
1055 400 1158 463 quis
1183 400 1335 447 bonus
1361 399 1546 446 dubitet
1570 415 1693 444 mor-

90 483 180 523 tem
221 482 459 540 oppetere,
497 476 535 522 si
566 475 608 522 ei
639 476 698 521 sit
734 475 1051 538 profuturus?
1123 475 1227 530 Quo
1266 480 1338 520 est
1375 473 1693 520 detestabilior
1722 478 1778 518 13

88 551 283 598 istorum
316 550 593 604 immanitas,
621 550 699 612 qui
735 551 999 596 lacerarunt
1031 549 1156 595 omni
1193 549 1367 595 scelere
1404 548 1620 611 patriam,
1646 554 1694 594 et

87 625 134 672 in
158 642 214 672 ea
236 625 447 671 funditus
473 623 673 670 delenda
697 624 915 687 occupati
951 630 999 670 et
1034 630 1144 670 sunt
1177 630 1225 670 et
1259 624 1462 670 fuerunt.
1534 622 1631 669 Sed
1656 623 1693 669 si
1722 628 1776 668 11

87 699 322 747 contentio
346 699 565 762 quaedam
601 704 648 745 et
683 699 972 761 comparatio
1010 699 1104 753 fiat,
1132 698 1301 761 quibus
1336 697 1590 760 plurimum
1612 697 1692 743 tri-

89 774 330 822 buendum
355 774 414 819 sit
437 772 585 827 officii,
614 772 846 835 principes
872 768 963 819 sint
987 773 1139 835 patria
1162 778 1210 818 et
1234 778 1465 835 parentes,
1494 787 1690 834 quorum

87 849 319 897 beneficiis
353 847 567 894 maximis
603 847 796 910 obligati
829 863 1019 894 sumus:
1075 846 1275 910 proximi
1315 846 1460 901 liberi,
1499 851 1692 909 totaque

88 924 272 978 domus,
299 940 406 985 quae
447 928 632 985 spectat
666 922 709 968 in
745 938 829 967 nos
871 923 1009 977 solos,
1033 938 1186 985 neque
1210 921 1338 967 aliud
1361 922 1511 967 ullum
1536 926 1694 984 potest

89 999 261 1045 habere
304 997 603 1060 perfugium:
640 996 863 1059 deinceps
904 998 1023 1043 bene
1061 997 1387 1043 convenientes
1428 995 1689 1059 propinqui,

89 1074 368 1136 quibuscum
392 1071 652 1118 communis
678 1071 818 1117 etiam
857 1072 1045 1117 fortuna
1083 1071 1358 1134 plerumque
1383 1076 1468 1117 est.
1539 1071 1692 1126 Quam
1721 1075 1776 1116 15

90 1150 149 1194 ob
185 1163 284 1193 rcm
318 1145 579 1192 necessaria
615 1146 839 1207 praesidia
862 1146 971 1191 ritae
995 1146 1228 1192 debentur
1251 1146 1304 1192 iis
1334 1145 1549 1199 maxime,
1576 1160 1693 1208 quos

88 1229 196 1268 ante
232 1221 356 1268 dixi:
392 1220 489 1266 vita
523 1225 683 1265 autem
707 1219 953 1282 victusque
992 1220 1264 1274 communis,
1291 1220 1493 1274 consilia,
1518 1235 1692 1265 sermo-

89 1313 183 1350 neS‚
211 1294 571 1348 cohortationeS,
599 1294 953 1348 consolationes,
980 1294 1215 1340 interdum
1240 1294 1380 1340 etiam
1405 1294 1693 1358 objurgatio-

88 1388 170 1417 nes
193 1371 239 1416 in
263 1369 472 1415 amicitiis
497 1368 658 1431 vigent
681 1368 908 1415 maxime:
947 1375 1113 1431 estque
1138 1385 1192 1415 ea
1213 1369 1554 1432 jucundissima
1580 1367 1691 1415 ami·-

89 1445 208 1500 citia,
236 1460 376 1507 quam
401 1443 654 1489 similitudo
679 1460 863 1490 morum
889 1443 1173 1507 conjugavit.

153 1594 339 1641 XVIII.
378 1592 474 1639 Sed
492 1592 538 1638 in
555 1591 627 1638 his
644 1593 858 1639 omnibus
874 1592 1032 1639 officiis
1048 1593 1306 1640 tribuendis
1322 1593 1576 1640 videndum
1593 1594 1692 1648 erit,

89 1670 201 1732 quid
239 1669 404 1731 cuique
443 1667 644 1713 maxime
684 1683 874 1714 necesse
916 1668 988 1723 sit,
1024 1674 1072 1714 et
1106 1668 1218 1731 quid
1257 1668 1454 1731 quisque
1488 1669 1563 1715 vel
1599 1669 1695 1715 sine

89 1744 220 1791 nobis
262 1750 344 1789 aut
385 1741 533 1805 possit
572 1743 805 1805 consequi,
832 1748 915 1789 aut
954 1759 1049 1789 non
1085 1743 1246 1805 possit.
1317 1743 1394 1789 Ita
1428 1759 1521 1789 non
1554 1740 1694 1790 iidem
1722 1748 1747 1791 2

89 1824 225 1865 erunt
248 1816 644 1864 necessitudinum
669 1817 861 1880 gradus,
883 1817 964 1880 qui
986 1824 1280 1880 temporum3
1305 1823 1508 1881 suntque
1532 1818 1695 1873 officia,

19 1904 21 1906 ’
89 1911 195 1957 quae
239 1893 337 1939 aliis
378 1893 544 1955 magiS,
584 1909 726 1956 quam
767 1893 865 1938 aliis
908 1892 1200 1938 debeantur:
1236 1898 1291 1938 ut
1325 1893 1527 1938 vicinum
1562 1893 1696 1939 citius

90 1968 326 2032 adjuveris
366 1967 412 2013 in
448 1968 680 2015 fructibus
719 1967 1042 2030 percipiendis,
1070 1982 1212 2028 quam
1248 1972 1332 2012 aut
1369 1963 1576 2021 fratrem,
1614 1978 1697 2013 aut

93 2043 379 2096 familiarem,
416 2048 478 2097 at,
520 2042 560 2089 si
598 2043 653 2088 lis
693 2042 740 2088 in
776 2041 952 2104 judicio
990 2042 1062 2096 sit,
1102 2041 1417 2104 propinquum
1457 2042 1612 2104 potius
1650 2047 1697 2088 et

90 2117 307 2172 amicum,
334 2133 476 2179 quam
498 2117 701 2164 Vicinum
725 2115 1001 2162 defenderis.

157 2192 279 2238 Haec
315 2191 459 2254 igitur
493 2197 541 2238 et
575 2191 686 2237 talia
721 2190 1142 2254 circumspicienda
1165 2195 1275 2236 sunt
1309 2190 1356 2236 in
1380 2190 1504 2236 omni
1528 2190 1693 2246 officio,
1722 2196 1749 2238 3

96 2274 138 2313 et
163 2265 454 2313 consuetudo
479 2266 843 2328 exercitatioque
869 2265 1112 2328 capienda,
1132 2271 1188 2312 ut
1211 2265 1322 2312 boni
1345 2265 1697 2312 ratiocinatores

95 2342 347 2389 officiorum
383 2357 485 2388 esse
521 2342 767 2405 possimus,
794 2347 843 2389 et
866 2341 1085 2388 addendo
1123 2340 1500 2404 deducendoque
1523 2342 1696 2396 videre,

94 2433 201 2480 quae
238 2416 401 2479 reliqui
434 2433 618 2463 summa
641 2417 751 2463 fiat:
789 2432 847 2463 cx
871 2432 978 2478 quo,
1006 2421 1236 2479 quantum
1260 2416 1427 2479 cuique
1453 2416 1694 2471 debeatur,

95 2492 343 2555 intelligas.
413 2491 510 2538 Sed
534 2498 589 2537 ut
613 2507 697 2538 nec
731 2491 901 2537 medici
922 2506 1008 2537 nec
1032 2491 1338 2554 imperatores
1362 2506 1448 2537 nec
1473 2498 1697 2546 oratores,
1723 2495 1748 2537 4

94 2566 304 2629 quamvis
328 2566 440 2612 artis
476 2572 718 2629 praecepta
753 2565 1061 2629 perceperint,
1088 2565 1339 2628 quicquam
1363 2582 1535 2629 magna
1557 2566 1697 2612 laude

98 2641 295 2704 dignum
319 2641 417 2686 sine
442 2657 532 2686 usu
556 2647 604 2686 et
628 2640 956 2687 exercitatione
977 2640 1198 2702 consequi
1218 2633 1446 2703 possunt:
1474 2640 1537 2687 sic
1563 2641 1698 2687 officii

96 2714 398 2762 conservandi
423 2720 663 2778 praecepta
687 2715 940 2761 traduntur
962 2715 1041 2760 illa
1065 2715 1266 2777 quidem,
1288 2721 1342 2761 ut
1359 2715 1554 2761 facimus
1579 2715 1694 2778 ipsi3

96 2790 178 2836 sed
202 2789 267 2836 rei
289 2789 565 2852 magnitudo
585 2806 723 2835 usum
741 2805 930 2852 quoque
955 2789 1425 2851 exercitationemque
1446 2789 1693 2835 desiderat.

100 2865 256 2926 Atque
297 2864 358 2909 ab
399 2863 452 2908 iis
491 2864 647 2918 rebus,
674 2879 778 2926 quae
815 2870 925 2909 sunt
965 2864 1011 2910 in
1044 2864 1150 2927 jure
1186 2864 1421 2910 societatis
1455 2865 1694 2917 humanae,
1724 2871 1745 2910 5

97 2937 492 3001 quemadmodum
511 2937 711 2983 ducatur
734 2938 997 2993 honestum,
1019 2955 1075 2984 ex
1095 2955 1188 3001 quo
1207 2944 1370 3001 aptum
1390 2945 1461 2984 est
1480 2937 1695 2986 officium.

96 3012 206 3059 satis
229 3012 326 3058 fere
351 3011 562 3058 diximus.
