2054 3470
668 261 807 289 muna
834 262 903 290 111.
975 261 1083 291 CAP.
1113 262 1164 290 11.
1696 249 1750 296 8'2

74 381 177 411 eam
212 366 507 412 solitudinem
545 366 765 430 languere
803 367 965 429 patior,
993 383 1133 428 quam
1159 368 1271 413 mihi
1295 368 1451 414 adfert
1476 368 1672 415 necessi-

74 446 159 494 tas,
186 457 278 486 non
303 441 534 487 voluntas.
607 441 905 503 Quamquam
932 442 1184 487 Africanus
1219 442 1446 504 majorem
1483 442 1671 489 laudem
1701 449 1757 490 10

74 531 178 561 meo
211 516 388 578 judicio
429 516 781 577 assequebatur.
853 516 999 561 Nulla
1034 516 1154 562 enim
1192 517 1293 579 ejus
1318 516 1486 579 ingenii
1510 532 1672 562 monu-
1701 523 1754 564 11

71 596 230 635 menta
265 590 487 636 mandata
523 590 701 644 litteris
729 590 909 635 nullum
936 607 1055 652 opus
1081 591 1172 644 otii,
1198 591 1378 636 nullum
1416 591 1673 637 solitudinis

72 679 242 710 munus
282 671 424 711 extat.
495 664 568 710 Ex
603 680 697 726 quo
732 665 926 727 intelligi
968 665 1123 718 debet,
1153 666 1285 711 illum
1325 666 1492 711 mentis
1529 666 1672 729 agita-

72 738 195 784 tione
229 739 678 801 investigationeque
704 755 864 784 earum
901 755 1070 793 rerum,
1099 755 1214 801 quas
1240 740 1488 803 cogitando
1514 756 1673 786 conse·

71 813 316 875 quebatur,
356 830 508 876 neque
542 814 743 860 otiosum
778 829 865 860 nec
908 813 1058 859 solum
1099 830 1306 876 unquam
1346 814 1502 861 fuisse.
1573 815 1674 860 Nos
1735 862 1739 867 ,

69 895 240 942 autem,
263 888 340 950 qui
364 905 456 934 non
481 894 665 934 tantum
689 889 866 935 roboris
891 889 1135 942 habemus,
1156 894 1209 934 ut
1228 888 1506 952 cogitatione
1532 889 1673 935 tacita

69 978 98 1008 a
121 963 369 1009 solitudine
405 963 746 1017 abstrahamur,
784 963 844 1009 ad
883 963 1004 1009 hanc
1041 963 1272 1010 scribendi
1309 979 1499 1026 operam
1539 980 1673 1010 omne

70 1037 280 1083 studium
302 1054 554 1100 curamque
575 1038 901 1084 convertimus.
952 1039 1120 1100 Itaque
1146 1039 1282 1100 plura
1306 1038 1435 1084 brevi
1459 1044 1671 1101 tempore
1701 1044 1755 1084 12

69 1127 243 1166 eversa,
269 1128 410 1174 quam
436 1113 594 1158 multis
619 1112 748 1158 annis
774 1118 926 1158 stante
952 1129 1000 1158 re
1026 1113 1227 1175 publica,
1256 1113 1538 1176 scripsimus.

134 1262 199 1308 II.
239 1262 334 1308 Sed
361 1279 467 1308 cum
494 1268 593 1308 tota
629 1262 938 1324 philosophia,
965 1262 1027 1308 mi
1056 1263 1234 1317 Cicero,
1260 1263 1483 1326 frugifera
1507 1269 1554 1309 et
1577 1264 1672 1309 fru-

68 1343 245 1392 ctuosa,
272 1353 357 1383 nec
383 1338 479 1383 ulla
505 1353 613 1399 pars
640 1336 742 1400 ejus
777 1336 953 1383 inculta
978 1353 1032 1383 ac
1058 1337 1244 1383 deserta
1268 1337 1355 1383 sit:
1392 1343 1493 1383 tum
1517 1338 1673 1384 nullus

67 1411 263 1458 feracior
286 1412 331 1457 in
356 1428 410 1457 ea
435 1413 565 1458 locus
592 1418 662 1458 est
697 1427 783 1458 nec
807 1412 1006 1466 uberior,
1034 1428 1175 1474 quam
1215 1412 1274 1458 de
1312 1412 1484 1466 officiiS,
1511 1428 1539 1458 a
1573 1413 1671 1475 qui-

67 1486 155 1532 bus
176 1493 444 1533 constanter
462 1488 750 1549 honesteque
766 1486 951 1532 vivendi
969 1493 1207 1549 praecepta
1227 1487 1477 1533 ducuntur.
1517 1486 1671 1542 Quare
1699 1493 1724 1533 2

67 1577 353 1623 quamquam
378 1577 405 1606 a
431 1562 659 1623 Cratippo
694 1567 869 1615 nostro,
897 1561 1105 1623 principe
1141 1561 1282 1624 hujus
1308 1552 1544 1607 m’emoriae
1570 1562 1670 1624 phi-

66 1636 383 1698 losophorum,
410 1637 510 1683 haec
537 1643 582 1682 te
607 1636 796 1682 assidue
833 1636 994 1682 audire
1033 1642 1174 1698 atque
1210 1636 1422 1698 accipere
1459 1637 1668 1682 confido:

66 1716 226 1757 tamen
250 1711 512 1757 conducere
537 1711 749 1765 arbitror,
770 1711 942 1757 talibus
968 1727 1105 1757 aures
1129 1716 1236 1756 tuas
1255 1711 1450 1757 vocibus
1469 1711 1671 1773 undique

67 1785 406 1832 circumsonare
427 1802 437 1840 3
473 1802 559 1832 nec
584 1802 677 1840 eas,
705 1786 743 1831 si
767 1785 863 1832 fieri
888 1786 1049 1848 possit,
1068 1785 1318 1847 quicquam
1345 1785 1471 1832 aliud
1495 1786 1668 1832 audire.

67 1860 205 1916 Quod
242 1878 351 1907 cum
391 1861 606 1907 omnibus
643 1866 716 1907 est
752 1860 1032 1922 faciendum,
1059 1860 1139 1922 qui
1162 1861 1307 1906 vitam
1332 1861 1578 1906 honestam
1603 1860 1667 1906 in·
1696 1867 1720 1906 3

66 1936 199 1998 gredi
224 1936 444 1999 cogitant,
472 1941 575 1981 tum
609 1935 738 1981 haud
774 1935 869 1981 scio
907 1950 968 1980 an
1005 1935 1175 1980 nemini
1211 1935 1380 1998 potiUS,
1408 1950 1549 1996 quam
1573 1935 1669 1983 tibi.

66 2010 278 2056 Sustines
316 2011 437 2056 enim
472 2027 565 2056 non
612 2025 808 2072 parvam
846 2009 1220 2071 expectationem
1264 2009 1501 2054 imitandae
1535 2009 1667 2054 indu-
1695 2015 1721 2055 4

65 2085 190 2130 striae
224 2092 409 2138 nostrae,
437 2100 659 2148 magnam
698 2085 943 2138 honorum,
979 2084 1251 2130 nonnullam
1285 2084 1484 2130 fortasse
1524 2083 1668 2129 nomi-

64 2159 148 2206 nis,
220 2159 478 2222 Suscepisti
502 2175 618 2205 onus
655 2165 884 2221 praeterea
917 2174 1063 2221 grave
1089 2164 1135 2204 et
1159 2159 1457 2204 Athenarum
1481 2164 1528 2204 et
1555 2159 1665 2204 Cra·
1694 2166 1720 2205 5

65 2234 185 2297 tippi
206 2250 215 2280 :
253 2235 314 2280 ad
340 2250 457 2296 quos
483 2250 590 2280 cum
615 2239 856 2296 tamquam
893 2233 955 2279 ad
989 2239 1307 2279 mercaturam
1341 2233 1571 2280 bonarum
1597 2248 1666 2277 ar-

67 2308 182 2355 tium
220 2309 280 2354 sis
319 2309 572 2371 profectUS,
600 2308 784 2354 inanem
820 2308 972 2354 redire
1008 2308 1332 2371 turpissimum
1357 2314 1442 2362 est,
1469 2307 1667 2354 dedeco-

66 2390 246 2430 rantem
281 2389 328 2429 et
362 2383 490 2429 urbis
527 2383 854 2429 auctoritatem
880 2389 927 2429 et
951 2382 1177 2446 magistri.
1249 2383 1404 2438 Quare
1441 2389 1667 2444 quantum
1695 2388 1719 2428 6

65 2458 236 2504 conniti
259 2458 412 2503 animo
438 2463 587 2520 potes,
615 2463 845 2520 quantum
878 2457 1039 2504 labore
1065 2457 1348 2503 contendere
1376 2455 1436 2520 (si
1461 2457 1669 2503 discendi

66 2532 197 2579 labor
222 2538 292 2579 est
316 2532 485 2595 potius,
508 2548 649 2594 quam
673 2530 913 2595 voluptas)
935 2538 1117 2577 tantum
1142 2532 1216 2577 fac
1242 2537 1295 2577 ut
1319 2532 1515 2577 efficias:
1553 2547 1668 2577 neve

67 2607 346 2661 committas,
373 2613 440 2660 ut,
468 2623 575 2653 cum
600 2606 754 2652 omnia
789 2606 1095 2668 suppeditata
1119 2606 1210 2652 sint
1234 2621 1261 2650 a
1286 2606 1431 2660 nobis,
1460 2611 1561 2652 tute
1587 2606 1668 2651 tibi

67 2681 269 2727 defuisse
294 2681 493 2727 videare.
565 2681 660 2727 Sed
685 2681 787 2727 haec
812 2681 1057 2727 hactenus,
1130 2680 1284 2726 Multa
1309 2681 1431 2726 enim
1457 2696 1582 2742 saepe
1608 2680 1666 2726 ad
1697 2681 1718 2717 7

67 2762 113 2802 te
139 2755 412 2802 cohortandi
446 2755 598 2818 gratia
621 2755 903 2818 scripsimus.
975 2754 1021 2800 N
1025 2771 1113 2801 unc
1138 2755 1199 2800 ad
1224 2755 1450 2817 reliquam
1477 2761 1657 2817 partem

67 2830 319 2896 propositae
344 2829 576 2875 divisionis
600 2836 906 2876 revertamur.

131 2904 469 2951 Panaetius
509 2903 664 2967 igitur,
692 2905 771 2966 qui
812 2905 909 2950 sine
952 2903 1267 2950 controversia
1302 2904 1361 2949 de
1397 2902 1555 2949 officiis
1592 2917 1665 2948 ac·
1696 2907 1717 2947 8

69 2978 353 3025 curatissime
379 2978 649 3041 disputavit,
670 2980 903 3040 quemque
927 2995 1025 3032 nos,
1049 2978 1332 3024 correctione
1357 2976 1561 3039 quadam
1586 2975 1664 3020 ad-

71 3053 227 3107 hibita,
255 3053 545 3115 potissimum
570 3052 717 3098 secuti
742 3068 918 3107 SUfflUS,
945 3053 1096 3098 tribus
1129 3051 1377 3114 generibus
1402 3049 1667 3113 propositis,
