2054 3470
258 194 315 235 24
952 205 1012 233 nn
1041 204 1250 234 OFFions

341 313 484 358 etiam
520 318 592 358 cst
630 312 844 375 ejusdem
882 327 984 358 6556
1020 311 1231 360 civitatis.
1302 313 1455 358 Multa
1487 313 1608 358 enim
1641 321 1749 360 sunt
1775 314 1946 362 civibus

341 387 461 434 inter
497 403 547 434 se
583 387 872 433 communia:
910 387 1078 441 forum,
1113 388 1235 442 fana,
1274 388 1495 450 porticus,
1523 387 1623 443 viae,
1650 389 1793 452 leges,
1827 391 1948 452 jura,

337 462 528 526 judicia,
556 462 793 525 suffragia,
833 462 1196 509 consuetudines
1232 470 1468 526 praeterea
1509 468 1557 508 et
1597 464 1949 518 familiaritates,

343 539 595 600 multisque
622 554 729 584 cum
755 537 913 583 multis
937 554 1011 583 res
1039 538 1334 600 rationesque
1360 543 1630 585 contractae.

291 619 315 659 3
408 614 574 659 Artior
607 629 718 658 vero
759 613 997 676 colligatio
1033 619 1105 660 est
1142 613 1377 659 societatis
1416 613 1800 676 propinquorum.
1875 615 1952 660 Ab

343 689 421 734 illa
455 688 578 734 enim
614 688 842 734 immensa
875 689 1099 735 societate
1133 689 1326 734 humani
1349 689 1533 751 generis
1558 689 1603 734 in
1628 688 1848 752 exiguum
1876 705 1952 735 an<

291 769 316 809 4
343 770 634 828 gustumque
654 764 962 810 concluditur.
1034 764 1160 810 Nam
1185 780 1292 810 cum
1315 764 1374 809 sit
1398 764 1488 810 hoc
1513 770 1682 809 natura
1707 780 1955 810 commune

345 839 666 894 animantium,
692 846 746 885 ut
770 840 976 885 habeant
1010 839 1267 885 lubidinem
1306 839 1597 902 procreandi,
1625 838 1776 901 prima
1812 839 1956 885 socie-

346 920 417 960 tas
442 914 488 960 in
511 914 614 976 ipso
640 913 858 978 conjugio
883 920 981 968 est;
1020 914 1232 976 proxima
1263 914 1309 959 in
1342 914 1526 968 liberis;
1564 913 1733 960 deinde
1756 930 1850 960 una
1874 914 1956 960 do-

344 1006 464 1043 mus,
492 990 760 1035 communia
785 989 955 1036 omnia.
1027 989 1085 1034 Id
1124 994 1286 1034 autem
1322 995 1395 1035 est
1436 988 1717 1051 principium
1741 989 1884 1044 urbis,
1911 995 1958 1035 et

293 1072 316 1113 5
345 1064 478 1127 quasi
514 1063 817 1109 seminarium
847 1064 913 1109 rei
946 1064 1166 1126 publicae.
1239 1064 1517 1126 Sequuntur
1539 1064 1738 1110 fratrum
1765 1064 1957 1128 conjun-

344 1141 534 1193 ctiones,
564 1146 675 1201 post
713 1139 1099 1186 consobrinorum
1141 1139 1558 1201 sobrinorumque:
1597 1141 1678 1201 qui
1718 1156 1826 1185 cum
1866 1156 1959 1185 una

345 1215 488 1262 domo
515 1215 616 1278 jam
642 1214 747 1277 capi
771 1231 863 1260 non
896 1214 1090 1277 possint,
1117 1214 1163 1260 in
1193 1214 1307 1260 alias
1334 1214 1515 1269 domos,
1542 1220 1787 1276 tamquam
1812 1215 1858 1260 in
1884 1231 1959 1261 co-

291 1296 318 1337 6
345 1290 506 1345 Ionias,
527 1296 714 1336 exeunt.
776 1289 1053 1352 Sequuntur
1073 1290 1305 1336 connubia
1330 1296 1377 1336 et
1401 1289 1671 1336 affinitates:
1709 1305 1767 1335 ex
1791 1289 1960 1352 quibus

345 1366 486 1412 etiam
526 1365 685 1428 plures
719 1365 982 1428 propinqui.
1056 1366 1176 1421 Quae
1213 1365 1496 1429 propagatio
1532 1370 1580 1411 et
1615 1365 1804 1410 suboles
1830 1365 1961 1428 origo

346 1447 419 1488 est
442 1457 598 1487 rerum
624 1441 935 1503 publicarum.
1008 1440 1259 1504 Sanguinis
1284 1447 1444 1486 autem
1469 1439 1738 1502 conjunctio
1763 1445 1811 1486 et
1834 1440 1960 1487 beni-

346 1517 549 1564 volentia
568 1517 772 1563 devincit
797 1516 1008 1562 homines
1033 1522 1081 1562 et
1106 1516 1314 1562 caritate.
1390 1515 1620 1579 Magnum
1644 1521 1715 1562 est
1740 1515 1861 1562 enim
1887 1531 1962 1562 ea-

348 1593 456 1639 dem
483 1593 659 1639 habere
683 1597 988 1638 monumenta
1012 1591 1260 1655 majorum,
1283 1590 1460 1637 eisdem
1480 1590 1550 1636 uti
1569 1589 1725 1646 sacris,
1747 1590 1964 1653 sepulcra

348 1669 522 1714 habere
548 1667 831 1714 communia.

295 1744 320 1791 7
415 1743 512 1789 Sed
559 1743 769 1789 omnium
826 1742 1105 1789 societatum
1151 1741 1280 1787 nulla
1337 1740 1641 1805 praestantior
1699 1746 1785 1796 est,
1835 1740 1964 1787 nulla

349 1818 534 1873 firmior,
562 1834 705 1880 quam
731 1834 839 1864 cum
870 1817 955 1863 viri
989 1816 1114 1872 boni,
1141 1817 1350 1863 moribus
1386 1816 1573 1871 similes,
1601 1821 1710 1862 sunt
1733 1816 1964 1862 familiari-

348 1899 446 1939 tate
472 1893 722 1956 conjuncti.
793 1892 920 1939 Illud
958 1892 1080 1938 enim
1118 1893 1369 1938 honestum
1395 1891 1544 1955 (quod
1580 1907 1711 1954 saepe
1746 1890 1963 1956 dicimus)

351 1969 492 2015 etiam
519 1969 558 2015 si
582 1969 628 2014 in
652 1968 742 2014 alio
768 1968 1015 2022 cernimus,
1042 1973 1203 2013 tamen
1236 1983 1322 2013 nos
1346 1972 1507 2013 movet
1531 1972 1674 2029 atque
1697 1967 1774 2021 illi,
1801 1967 1847 2012 in
1872 1983 1966 2029 quo

296 2051 323 2092 8
350 2045 397 2091 id
422 2045 572 2090 inesse
595 2044 795 2098 videtur,
822 2043 997 2089 amicos
1031 2042 1155 2089 facit.
1226 2042 1289 2089 Et
1324 2057 1608 2105 quamquam
1647 2042 1796 2088 omnis
1819 2041 1966 2088 virtus

349 2136 434 2166 nos
470 2119 531 2165 ad
571 2135 620 2165 se
656 2119 799 2165 allicit
832 2118 1052 2181 facitque,
1080 2123 1134 2163 ut
1169 2134 1249 2164 eos
1283 2117 1549 2180 diligamuS,
1576 2117 1622 2163 in
1658 2117 1829 2180 quibus
1864 2117 1966 2180 ipsa

349 2195 499 2241 inesse
524 2194 767 2240 videatur:
805 2199 963 2240 tamen
998 2192 1193 2255 justitia,
1220 2198 1267 2238 et
1291 2192 1545 2239 liberalitas
1570 2192 1617 2237 id
1643 2191 1845 2238 maxime
1871 2192 1966 2238 effi-

298 2276 324 2317 9
353 2269 427 2316 cit.
499 2269 629 2315 Nihil
655 2274 815 2314 autem
840 2274 911 2314 est
936 2267 1178 2312 amabilius
1202 2282 1288 2312 nec
1315 2267 1592 2329 copulatiUS,
1614 2283 1756 2328 quam
1781 2283 1965 2313 morum

352 2343 610 2390 similitudo
652 2344 897 2389 bonorume
970 2343 1026 2388 In
1068 2342 1239 2403 quibus
1276 2341 1399 2387 enim
1441 2341 1608 2387 eadem
1651 2341 1808 2387 studia
1841 2347 1965 2396 sunt,

352 2419 533 2465 eoedem
572 2418 854 2472 voluntateS,
897 2417 944 2463 in
983 2417 1056 2462 his
1098 2417 1164 2472 fit,
1208 2422 1262 2462 ut
1298 2432 1435 2478 aeque
1472 2415 1668 2478 quisque
1704 2417 1851 2462 altero
1887 2416 1965 2462 de-

351 2495 564 2549 lectetur,
591 2509 646 2540 ac
671 2509 720 2539 se
745 2492 875 2555 ipso:
914 2492 1205 2554 efficiturque
1229 2491 1290 2546 id,
1319 2491 1447 2554 quod
1471 2491 1772 2554 Pythagoras
1797 2491 1898 2536 vult
1923 2491 1966 2536 in

274 2575 327 2616 10
354 2568 568 2623 amicitia,
595 2574 650 2614 ut
685 2584 807 2614 unus
848 2568 930 2613 fiat
967 2583 1025 2613 ex
1063 2567 1292 2630 pluribuS.
1363 2565 1541 2628 Magna
1575 2565 1715 2611 etiam
1739 2565 1817 2612 illa
1842 2582 1965 2612 com-

354 2643 556 2689 munitas
582 2648 666 2698 est,
695 2659 803 2706 quae
827 2642 1069 2689 conficitur
1104 2657 1161 2688 ex
1199 2641 1432 2688 beneficiis
1469 2641 1593 2686 ultro
1626 2646 1673 2686 et
1706 2641 1821 2687 citro
1847 2641 1968 2687 datis

354 2718 677 2781 acceptisque:
716 2734 822 2780 quae
850 2724 897 2763 et
923 2722 1087 2763 mutua
1111 2721 1159 2762 et
1182 2721 1319 2780 grata
1343 2715 1457 2761 dum
1483 2722 1605 2770 sunt,
1628 2715 1747 2761 inter
1772 2732 1889 2779 quos
1915 2732 1968 2761 ea

355 2799 464 2838 sunt
488 2793 620 2838 firma
644 2792 969 2838 devinciuntur
994 2791 1230 2837 societate.

275 2873 326 2915 11
423 2868 520 2914 Sed
562 2884 671 2914 cum
709 2867 863 2913 omnia
899 2867 1078 2912 ratione
1114 2866 1361 2928 animoque
1395 2865 1624 2920 lustraris,
1652 2865 1860 2911 omnium
1896 2881 1968 2912 so-

356 2943 581 2989 cietatum
616 2942 745 2988 nulla
783 2947 855 2988 est
891 2941 1091 3006 gravior,
1118 2941 1248 2987 nulla
1272 2940 1433 2996 carior,
1461 2956 1604 3004 quam
1628 2955 1698 2994 ea,
1726 2955 1834 3002 quae
1861 2954 1969 2985 cum

274 3022 331 3064 12
359 3033 409 3064 re
434 3017 624 3080 publica
649 3022 721 3062 est
745 3016 992 3079 unicuique
1029 3021 1256 3062 nostrum.
1329 3016 1438 3062 Cari
1473 3020 1581 3061 sunt
1618 3019 1850 3078 parenteS‚
1876 3011 1967 3060 cari
