2054 3470
273 221 357 261 [00
832 272 834 274 V
955 233 1014 261 DE
1043 232 1253 263 OFFICns

270 344 320 385 12
348 338 739 386 cedoemoniorum
758 356 872 402 opes
891 356 1081 386 neeesse
1107 345 1243 387 esset.
1317 340 1458 396 Quod
1478 340 1714 386 Aristides
1739 357 1847 387 cum
1871 356 1934 386 au

347 414 505 468 disset,
548 414 595 460 in
643 415 913 461 concionem
959 431 1133 478 magna
1180 414 1507 478 expectatione
1542 415 1682 470 venit,
1727 415 1950 478 dixitque,

347 489 546 551 perutile
573 504 675 535 esse
712 489 967 543 consilium,
1003 489 1131 552 quod
1156 490 1494 536 Themistocles
1531 490 1733 545 afferret,
1761 490 1845 536 sed
1869 490 1950 536 mi-

346 563 469 609 nime
494 564 760 611 honestum.
832 565 1002 626 Itaque
1037 565 1368 619 Athenienses,
1406 565 1535 628 quod
1571 566 1824 612 honestum
1860 582 1951 612 non

345 645 483 692 esset,
500 638 545 684 id
563 655 622 685 ne
638 639 751 685 utile
768 639 880 701 quid
888 655 958 686 em
972 645 1280 701 putaverunt:
1308 646 1551 703 totamque
1568 656 1672 686 eam
1683 656 1796 695 rem,
1812 656 1951 702 quam

270 717 318 758 13
348 729 405 759 116
431 713 677 760 audierant
696 714 900 776 quidem,
919 719 1110 760 auctore
1127 714 1336 760 Aristide
1354 715 1736 777 repudiaverunt.
1786 715 1952 761 Melius

346 788 405 838 hi,
425 804 566 850 quam
585 805 683 844 nos,
703 789 781 851 qui
800 789 977 852 piratas
993 789 1239 844 immunes,
1262 789 1412 835 socios
1438 790 1692 853 vectigales
1708 791 1951 837 habemus.

411 938 522 984 XII.
561 938 750 985 Maneat
770 955 898 1002 ergo,
926 939 1054 1001 quod
1079 945 1218 1001 turpe
1245 939 1316 993 sit,
1344 939 1392 984 id
1418 956 1657 1002 nunquam
1682 956 1784 987 esse
1808 940 1952 994 utile;

345 1028 404 1058 ne
429 1018 532 1058 tum
569 1013 773 1074 quidem,
801 1030 909 1060 cum
945 1013 1007 1067 id,
1035 1013 1163 1076 quod
1199 1029 1302 1060 esse
1340 1014 1455 1060 utile
1498 1021 1652 1077 putes,
1679 1015 1952 1078 adipiscare.

346 1088 450 1133 Hoc
476 1087 597 1133 enim
616 1088 771 1151 ipsum
791 1089 904 1134 utile
925 1095 1108 1152 putare,
1131 1089 1259 1152 quod
1277 1095 1416 1152 turpe
1433 1090 1507 1145 sit,
1527 1090 1851 1136 calamitosum
1867 1097 1951 1138 est.

292 1168 317 1208 2
345 1162 440 1208 Sed
464 1163 687 1217 incidunt,
715 1169 769 1209 ut
794 1180 937 1226 supra
963 1164 1070 1219 dixi,
1097 1180 1225 1226 saepe
1251 1180 1420 1219 causae,
1448 1182 1555 1211 cum
1574 1181 1839 1229 repugnare
1864 1166 1952 1212 uti-

344 1237 449 1283 litas
474 1238 710 1284 honestati
734 1239 964 1294 videatur,
990 1245 1044 1285 ut
1068 1239 1535 1286 animadvertendum
1560 1241 1632 1294 sit,
1658 1247 1952 1304 repugnetne

291 1317 316 1357 3
345 1312 496 1375 plane,
524 1329 582 1358 an
609 1314 760 1375 possit
785 1330 892 1360 cum
927 1314 1175 1360 honestate
1214 1315 1450 1378 conjungi.
1521 1315 1638 1378 Ejus
1673 1316 1854 1378 generis
1879 1317 1952 1362 hae

344 1393 455 1433 sunt
489 1388 803 1449 quaestiones:
843 1389 906 1443 Si,
942 1389 1146 1452 exempli
1180 1391 1344 1452 gratia,
1372 1390 1442 1436 vir
1466 1391 1618 1436 bonus
1653 1391 1952 1437 Alexandrea

344 1462 568 1507 Rhodum
600 1479 825 1526 magnum
862 1464 1083 1510 frumenti
1118 1481 1366 1511 numerum
1402 1465 1648 1512 advexerit
1672 1466 1718 1511 in
1743 1466 1951 1512 Rhodio-

344 1553 448 1582 rum
486 1537 641 1600 inopia
681 1545 728 1584 et
766 1539 888 1584 fame
927 1555 1203 1602 summaque
1245 1556 1441 1586 annonae
1484 1541 1707 1592 caritate:
1751 1542 1788 1587 si
1828 1542 1951 1588 idem

344 1611 474 1666 sciat,
503 1613 770 1675 complures
809 1620 1092 1660 mercatores
1130 1614 1434 1660 Alexandrea
1471 1616 1676 1670 solvisse,
1714 1632 1952 1679 navesque

343 1686 388 1732 in
414 1703 569 1741 cursu,
597 1688 832 1734 frumento
858 1694 1063 1743 onustas,
1083 1695 1298 1751 petentes
1324 1690 1548 1736 Rhodum
1573 1691 1765 1737 viderit:
1803 1692 1950 1738 dictu-

344 1777 483 1807 rusne
511 1762 568 1808 sit
594 1762 641 1808 id
668 1763 882 1818 Rhodiis,
911 1779 969 1809 an
1005 1764 1186 1810 silentio
1228 1781 1367 1810 suum
1393 1781 1533 1826 quam
1569 1766 1768 1828 plurimo
1794 1767 1950 1813 vendi-

290 1842 315 1882 4
344 1838 514 1884 turus?
586 1838 863 1901 Sapientem
889 1845 936 1885 et
960 1840 1137 1886 bonum
1164 1840 1314 1885 virum
1339 1840 1557 1902 fingimus
1580 1857 1587 1887 :
1627 1841 1686 1887 de
1711 1841 1813 1904 ejus
1838 1842 1951 1888 deli-

344 1913 582 1959 beratione
609 1920 656 1960 et
693 1914 1033 1960 consultatione
1059 1915 1325 1977 quaerimus,
1354 1915 1433 1977 qui
1469 1916 1705 1961 celaturus
1741 1917 1951 1963 Rhodios

344 2004 437 2033 non
463 1988 535 2042 sit,
564 1988 601 2034 si
625 1988 673 2034 id
710 1995 850 2052 turpe
882 1989 1077 2052 judicet,
1116 1990 1199 2036 sed
1237 1990 1435 2045 dubitet,
1474 2007 1533 2036 an
1569 1997 1707 2054 turpe
1747 2008 1840 2038 non
1878 1992 1948 2038 sit.

290 2070 316 2109 5
345 2064 397 2108 In
439 2063 714 2126 hujusmodi
748 2064 899 2110 causis
938 2065 1066 2110 aliud
1103 2065 1304 2129 Diogeni
1340 2066 1601 2128 Babylonio
1638 2066 1780 2113 videri
1818 2067 1948 2122 solet,

343 2154 516 2201 magno
543 2145 589 2184 et
613 2139 745 2201 gravi
770 2139 956 2186 Stoico:
994 2140 1124 2186 aliud
1158 2141 1426 2203 Antipatro,
1454 2141 1682 2204 discipulo
1718 2142 1833 2205 ejus,
1867 2143 1949 2189 110-

346 2213 455 2258 mini
481 2213 765 2260 acutissimo.
837 2214 1108 2277 Antipatro,
1137 2215 1289 2260 omnia
1315 2216 1652 2278 patefacienda,
1679 2222 1732 2263 ut
1755 2233 1813 2263 ne
1839 2218 1950 2280 quid

345 2287 546 2341 omnino,
574 2288 702 2350 quod
728 2289 943 2334 venditor
968 2290 1102 2343 norit,
1129 2296 1315 2352 emptor
1349 2291 1561 2353 ignoret;
1600 2291 1813 2354 Diogeni,
1840 2308 1948 2338 vcn-

344 2362 556 2416 ditorem,
595 2368 828 2424 quatenus
872 2364 977 2426 jure
1026 2364 1146 2409 civili
1193 2365 1499 2410 constitutum
1535 2365 1607 2419 sit,
1647 2366 1802 2412 dicere
1840 2367 1950 2413 vitia

345 2443 574 2499 oportere,
603 2443 759 2483 cetera
784 2438 880 2484 sine
905 2438 1078 2484 insidiis
1104 2454 1243 2502 agere
1266 2455 1275 2493 ;
1312 2445 1359 2484 et
1378 2440 1597 2501 quoniam
1622 2441 1808 2496 vendat,
1829 2442 1949 2488 velle

290 2517 318 2555 (ἱ
346 2528 487 2573 quam
522 2512 699 2575 optime
724 2513 939 2559 vendere.
1010 2514 1211 2568 Advexi,
1239 2514 1446 2576 exposui,
1474 2514 1626 2560 vendo
1662 2531 1822 2562 meum
1857 2533 1946 2562 non

346 2586 506 2649 pluriS,
534 2603 674 2649 quam
713 2587 868 2641 ceteri,
906 2588 1104 2633 fortasse
1142 2588 1282 2634 etiam
1317 2589 1518 2642 minoris,
1558 2606 1665 2635 cum
1704 2590 1854 2653 major
1878 2598 1948 2638 est

347 2735 470 2791 Quid
497 2735 600 2781 ais?
670 2737 753 2789 Tu,
782 2753 888 2782 cum
914 2736 1181 2783 hominibus
1217 2738 1458 2784 consulere
1495 2738 1682 2794 debeas,
1709 2745 1756 2785 et
1779 2740 1947 2786 servire

345 2811 564 2856 humanae
589 2810 813 2865 societati,
840 2827 988 2873 eaque
1023 2811 1128 2874 lege
1164 2817 1302 2857 natus
1339 2812 1414 2867 sis,
1443 2819 1489 2858 et
1524 2829 1578 2859 ea
1614 2814 1789 2860 habeas
1825 2815 1946 2876 prin-

348 2885 468 2947 cipia
490 2891 686 2939 naturae,
713 2885 881 2947 quibus
908 2902 1083 2947 parere,
1112 2891 1159 2931 et
1183 2902 1290 2948 quae
1326 2888 1456 2949 sequi
1482 2888 1668 2942 debeas,
1696 2894 1749 2934 ut
1773 2889 1946 2935 utilitas

348 2966 430 3006 tua
453 2959 710 3005 communis
737 2960 791 3005 sit
825 2960 1010 3013 utilitas,
1038 2960 1334 3023 vicissimque
1371 2963 1629 3008 communis
1653 2962 1830 3009 utilitas
1866 2968 1946 3009 tua

347 3034 408 3080 sit
428 3050 437 3087 ;
475 3034 646 3080 celabis
672 3034 895 3087 homines,
923 3034 1033 3097 quid
1059 3035 1111 3080 iis
1147 3035 1270 3081 adsit
1295 3036 1640 3083 commoditatis
1676 3044 1723 3083 et
1759 3037 1907 3100 copiae
1926 3037 1944 3070 ‘7
