2054 3470
237 197 295 237 30
926 206 986 235 DE
1024 205 1234 236 orrlous

240 318 293 361 13
321 314 377 360 In
390 313 605 360 omnibus
626 326 783 359 autem
803 313 1016 376 negotiis,
1036 312 1163 375 prius
1184 328 1325 374 quam
1345 312 1638 375 aggrediare,
1659 311 1922 358 adhibenda

320 394 391 434 est
416 388 699 452 praeparatio
725 387 936 451 diligens.

384 520 543 566 XXII.
581 519 677 565 Sed
713 536 820 565 cum
854 519 1062 581 plerique
1087 518 1384 572 arbitrentur,
1412 534 1485 563 res
1510 518 1700 564 bellicas
1724 517 1925 580 majores

270 600 291 640 2
320 610 435 647 esse,
454 610 595 656 quam
623 610 653 639 u
668 611 690 639 r
705 594 735 640 b
752 610 779 639 a
795 610 822 638 n
838 610 866 640 a
883 610 904 640 s
920 630 931 648 ,
957 592 1210 639 minuenda
1229 598 1301 638 est
1319 593 1425 639 haec
1442 592 1612 655 opiniO.
1647 592 1787 639 Multi
1805 592 1925 638 enim

320 669 443 715 bella
468 684 594 732 saepe
620 668 907 731 quaesierunt
942 674 1136 731 propter
1171 667 1334 730 gloriae
1369 666 1693 730 cupiditatem.
1762 667 1927 729 Atque

320 744 366 789 id
392 744 437 789 in
462 745 645 807 magnis
670 743 833 789 animis
856 743 1146 807 ingeniisque
1182 741 1460 804 plerumque
1485 741 1739 805 contingit:
1778 757 1927 804 eoque

320 818 484 882 magis,
513 818 550 864 si
574 824 684 864 sunt
709 818 769 864 ad
795 834 894 864 rem
918 818 1166 863 militarem
1190 815 1290 878 apti
1314 821 1361 861 et
1386 816 1545 879 cupidi
1580 816 1812 862 bellorum
1847 831 1927 879 ge-

266 899 292 938 3
320 894 585 939 rendorum.
656 893 781 939 Vere
806 898 966 939 autem
1001 892 1038 938 si
1062 891 1280 937 volumus
1311 890 1538 952 judicare,
1565 891 1730 936 multae
1754 906 1827 936 res
1851 906 1927 935 ex-

273 973 290 1012 1
322 968 514 1014 titerunt
537 968 731 1014 urbanae
755 968 956 1030 majores
983 965 1295 1026 clarioresque
1320 981 1462 1027 quam
1486 964 1681 1010 bellicae.
1754 965 1927 1020 Quam-

320 1043 387 1088 vis
429 1042 550 1088 enim
592 1041 928 1087 Themistocles
970 1028 1077 1104 jure
1123 1038 1356 1093 laudetur,
1394 1044 1444 1086 et
1488 1039 1549 1085 sit
1595 1039 1698 1102 ejus
1744 1055 1929 1095 nomen,

320 1133 460 1179 quam
496 1116 696 1172 Solonis,
720 1116 959 1170 illustrius,
988 1116 1249 1176 citcturque
1281 1114 1482 1160 Salamis
1506 1114 1773 1160 clarissimae
1797 1114 1930 1160 testis

324 1192 539 1246 victoriae,
567 1207 674 1254 quae
707 1196 1023 1253 anteponatur
1059 1191 1249 1237 consilio
1285 1188 1468 1237 Solonis
1504 1189 1560 1244 ei,
1597 1205 1691 1251 quo
1726 1188 1929 1252 primum

322 1266 561 1314 constituit
586 1266 931 1329 Areopagitas:
969 1282 1062 1311 non
1087 1265 1239 1311 minus
1265 1264 1543 1328 praeclarum
1579 1263 1684 1318 hoc,
1711 1279 1852 1326 quam
1880 1263 1930 1310 il-

269 1350 293 1389 5
322 1341 403 1388 lud
436 1341 747 1404 judicandum
774 1346 858 1386 est.
929 1340 1056 1385 Illud
1083 1340 1204 1386 enim
1230 1339 1375 1386 semel
1412 1338 1603 1401 profuit,
1629 1339 1720 1385 hoc
1746 1354 1932 1401 semper

324 1416 533 1478 proderit
558 1415 747 1462 civitati.
818 1415 922 1461 Hoc
949 1415 1139 1461 consilio
1163 1415 1292 1478 leges
1318 1413 1693 1468 Atheniensium,
1719 1414 1809 1460 hoc
1835 1429 1930 1458 ma-

271 1497 296 1536 (3
321 1492 479 1554 jorum
517 1490 728 1536 instituta
768 1496 1026 1536 servantur.
1097 1490 1160 1535 Et
1200 1488 1541 1535 Themistocles
1583 1488 1774 1551 quidem
1821 1488 1933 1534 nihil

324 1566 503 1621 dixerit,
524 1566 568 1611 in
593 1581 685 1627 quo
710 1564 810 1628 ipse
835 1564 1148 1628 Areopagum
1173 1563 1410 1627 adjuverit
1432 1579 1441 1609 z
1479 1569 1529 1609 at
1553 1563 1629 1610 ille
1654 1579 1777 1619 vere,
1799 1564 1858 1609 ab
1884 1579 1933 1609 se

324 1641 542 1704 adjutum
578 1640 956 1686 Themistoclem.
1025 1640 1112 1685 Est
1149 1639 1270 1685 enim
1305 1639 1483 1685 bellum
1518 1644 1708 1701 gestum
1745 1638 1934 1684 consilio

273 1718 296 1763 7
324 1721 514 1762 senatus
539 1715 656 1779 ejus,
683 1714 762 1777 qui
785 1730 813 1759 a
837 1714 1009 1760 Solone
1035 1719 1135 1760 erat
1159 1714 1455 1760 constitutus,
1525 1713 1657 1759 Licet
1682 1712 1849 1759 eadem
1875 1713 1934 1759 de

325 1790 560 1837 Pausania
594 1789 936 1852 Lysandroque
973 1789 1142 1844 dicere,
1172 1804 1374 1851 quorum
1410 1788 1552 1834 rebus
1587 1788 1735 1851 gestis
1770 1803 1933 1851 quam-

325 1881 468 1928 quam
508 1864 757 1927 imperium
798 1864 1165 1910 Lacedaemoniis
1205 1861 1496 1927 [dilatatum]
1539 1868 1748 1926 putatur,
1775 1868 1936 1909 tamen

325 1957 383 1987 ne
417 1939 606 1986 minima
630 1939 821 2002 quidem
857 1955 914 1984 ex
955 1944 1090 2002 parte
1129 1937 1337 2001 Lycurgi
1377 1937 1562 2000 legibus
1598 1942 1646 1984 et
1680 1937 1936 2000 disciplinae

326 2014 595 2062 conserendi
618 2018 741 2060 sunt.
813 2013 935 2069 Quin
960 2013 1099 2059 etiam
1134 2014 1194 2059 ob
1230 2012 1316 2058 has
1352 2011 1479 2075 ipsas
1504 2027 1670 2057 causas
1697 2017 1744 2058 et
1767 2028 1934 2075 paren-

276 2098 301 2138 8
328 2091 467 2137 tiores
491 2090 762 2136 habuerunt
782 2088 1030 2143 exercitus,
1054 2093 1100 2134 et
1124 2074 1354 2134 fortiores,
1425 2087 1542 2133 Mihi
1560 2086 1750 2149 quidem
1768 2102 1934 2149 neque,

330 2165 484 2229 pueris
520 2163 668 2218 nobiS‚
696 2164 761 2209 M.
789 2163 996 2208 Scaurus
1024 2163 1076 2208 O.
1115 2162 1280 2216 Mario,
1307 2176 1473 2223 neque,
1501 2177 1609 2206 cum
1644 2177 1937 2207 versaremur

328 2242 374 2287 in
415 2255 465 2286 re
507 2238 710 2302 publica,
740 2238 796 2292 Q.
836 2237 1034 2283 Catulus
1073 2237 1157 2283 Cn.
1194 2236 1422 2297 Pompeio
1466 2236 1632 2281 cedere
1673 2235 1934 2282 videbatur.

279 2323 305 2363 9
332 2314 472 2361 Parvi
508 2313 630 2359 enim
666 2318 775 2358 sunt
812 2311 922 2358 foris
958 2327 1103 2365 arma,
1130 2310 1217 2356 nisi
1252 2316 1321 2356 est
1356 2309 1598 2355 consilium
1622 2309 1761 2356 domi.
1832 2310 1935 2356 Nec

227 2376 229 2378 ³
332 2390 437 2453 plus
463 2387 730 2442 Africanus,
757 2386 1005 2449 singularis
1039 2390 1086 2431 et
1110 2385 1178 2430 vir
1202 2390 1249 2430 et
1272 2384 1542 2447 imperator,
1568 2383 1614 2429 in
1648 2383 1938 2431 excindenda

332 2463 590 2511 Numantia
620 2462 686 2508 rei
719 2461 921 2524 publicae
946 2460 1136 2523 profuit,
1162 2458 1494 2521 quameodem
1519 2463 1734 2520 tempore
1757 2458 1812 2504 P.
1840 2458 1936 2504 Na-

333 2539 427 2585 sica
450 2538 674 2601 privatus,
694 2553 803 2583 cum
822 2536 887 2581 Ti.
912 2535 1180 2581 Gracchum
1204 2533 1449 2580 interemit.
1512 2532 1810 2594 Quamquam
1835 2533 1937 2579 haec

333 2613 522 2676 quidem
556 2628 630 2657 res
666 2628 760 2657 non
798 2610 951 2657 solum
993 2626 1052 2656 ex
1088 2608 1347 2654 domestica
1389 2613 1463 2653 est
1503 2607 1713 2654 ratione:
1751 2606 1937 2670 attingit

335 2688 475 2734 etiam
513 2686 742 2739 bellicam,
771 2685 989 2748 quoniam
1013 2684 1059 2730 vi
1098 2697 1336 2744 manuque
1372 2682 1584 2727 confecta
1617 2686 1715 2727 est:
1753 2680 1836 2728 sed
1868 2687 1937 2728 ta-

258 2769 308 2810 10
335 2778 442 2808 men
481 2761 529 2807 id
569 2760 724 2823 ipsum
763 2766 835 2806 est
874 2765 1064 2822 gestum
1107 2757 1295 2804 consilio
1342 2756 1536 2810 urbano,
1579 2756 1675 2802 sine
1717 2755 1936 2803 exercitu„

338 2835 463 2884 Illud
498 2840 657 2881 autem
693 2834 921 2896 optimum
948 2839 1031 2888 est,
1059 2833 1104 2878 in
1130 2831 1255 2894 quod
1280 2830 1433 2876 invadi
1458 2830 1605 2876 solere
1630 2830 1691 2876 ab
1715 2829 1938 2892 improbis

335 2916 383 2958 et
407 2910 572 2957 invidis
597 2910 763 2955 audio:

552 3002 725 3049 Cedant
748 3018 880 3046 arma
908 3008 1030 3060 loyce,
1058 2999 1261 3045 concedat
1289 2999 1446 3042 laurea
1474 2996 1618 3042 laudi.
