2054 3470
696 221 835 249 mssssa
860 220 890 250 1.
960 219 1068 250 cAP.
1095 220 1189 250 xx1.
1741 207 1799 248 29

117 328 208 373 vita
231 332 302 372 est
327 327 583 373 otiosorum
602 343 611 381 ;
648 327 930 373 fructuosior
954 332 1114 372 autem
1138 326 1379 371 hominum
1405 324 1565 388 generi
1584 330 1632 370 et
1655 323 1717 369 ad

116 401 372 447 claritatem
405 401 856 463 amplitudinemque
897 401 1050 462 aptior
1096 416 1272 454 eorum,
1311 400 1390 461 qui
1430 416 1480 445 se
1521 399 1582 444 ad
1616 415 1716 445 rem

114 475 349 538 publicam
368 480 416 520 et
434 475 494 520 ad
513 491 709 537 magnas
727 490 801 520 res
817 474 1048 537 gerendas
1064 474 1553 520 accommodaverunt.
1593 473 1716 528 Qua·
1743 478 1768 518 3

113 555 309 612 propter
347 556 395 594 et
432 549 485 594 iis
522 549 717 594 forsitan
742 548 1098 595 concedendum
1134 549 1193 594 sit
1227 564 1326 594 rem
1363 548 1600 610 publicam
1624 563 1716 593 non

113 623 480 686 capessentibus,
507 623 587 685 qui
624 623 869 669 excellenti
908 623 1096 685 ingenio
1130 623 1354 669 doctrinae
1387 639 1489 669 sese
1525 622 1717 669 dedide-

113 703 251 744 runt:
286 702 335 744 et
357 697 424 752 iis,
452 698 531 759 qui
554 703 636 743 aut
659 697 939 744 valetudinis
973 697 1274 744 imbecilitate
1310 703 1392 743 aut
1423 698 1577 760 aliqua
1610 713 1716 763 gra·

116 772 238 818 viore
262 788 403 818 causa
426 771 639 835 impediti
673 787 700 816 a
731 788 781 818 re
820 773 1008 835 publica
1038 779 1346 826 recesserunt,
1375 789 1482 818 cum
1508 773 1609 835 ejus
1634 773 1715 818 ad·

112 847 428 893 ministrandae
453 852 741 909 potestatem
765 847 864 893 aliis
900 847 1184 909 laudemque
1211 847 1535 894 concederent.
1606 847 1715 903 Qui·
1743 852 1767 893 4

113 921 199 967 bus
224 928 381 967 autem
407 922 513 967 talis
538 921 666 966 nulla
691 921 750 967 sit
775 938 930 977 causa,
948 923 986 968 si
1006 922 1247 984 despicere
1272 937 1321 968 se
1346 922 1503 968 dicant
1522 937 1589 977 ea,
1610 938 1717 985 quae

112 996 320 1058 plerique
354 996 596 1050 mirentur,
624 996 821 1058 imperia
847 1002 894 1042 et
918 997 1236 1060 magistratus,
1264 997 1315 1042 iis
1339 1013 1433 1043 non
1457 997 1600 1044 modo
1624 1013 1717 1043 non

112 1070 253 1125 laudi,
280 1086 443 1116 verum
479 1071 620 1116 etiam
644 1071 755 1117 vitio
792 1071 1001 1117 dandum
1038 1077 1168 1134 puto,
1240 1072 1451 1127 Quorum
1484 1071 1715 1135 judicium
1742 1079 1768 1119 5

112 1145 156 1190 in
180 1161 250 1199 eo,
275 1145 404 1207 quod
428 1145 627 1208 gloriam
653 1152 956 1192 contemnant
980 1152 1027 1192 et
1052 1162 1137 1208 pro
1161 1146 1303 1193 nihilo
1328 1153 1510 1210 putent,
1532 1147 1715 1193 difficile

114 1220 241 1267 factu
260 1226 331 1265 est
355 1236 447 1265 non
473 1221 699 1282 probare:
727 1221 810 1267 sed
826 1221 1045 1267 videntur
1069 1222 1254 1267 labores
1274 1228 1321 1267 ct
1345 1222 1597 1276 molestias,
1615 1228 1717 1268 tum

112 1295 417 1341 offensionum
437 1302 484 1341 et
503 1295 797 1357 repulsarum
816 1296 949 1358 quasi
973 1296 1210 1358 quandam
1235 1296 1535 1359 ignominiam
1552 1297 1717 1343 timere

110 1376 158 1416 et
191 1370 443 1416 infamiam.
515 1370 638 1416 Sunt
663 1370 799 1425 enim,
827 1370 906 1432 qui
930 1369 974 1416 in
999 1372 1140 1417 rcbus
1165 1371 1404 1417 contrariis
1439 1387 1607 1434 parum
1633 1371 1719 1417 sibi
1745 1376 1770 1416 6

112 1451 353 1491 constent:
392 1446 685 1508 voluptatem
711 1445 1000 1492 severissime
1027 1452 1343 1501 contemnant,
1369 1446 1415 1492 in
1440 1446 1602 1492 dolore
1627 1446 1718 1493 sint

110 1520 372 1566 molliores:
410 1520 610 1583 gloriam
644 1520 904 1584 negligant,
930 1521 1208 1583 frangantur
1242 1521 1459 1567 infamia:
1497 1527 1638 1584 atque
1663 1537 1718 1567 ea

110 1594 300 1656 quidem
335 1611 428 1641 non
453 1595 564 1641 satis
597 1602 879 1642 constanter.
949 1595 1045 1641 Sed
1069 1596 1136 1650 iis,
1164 1596 1243 1658 qui
1279 1596 1454 1642 habent
1490 1611 1518 1641 a
1551 1601 1719 1642 natura

111 1669 383 1732 adjumenta
408 1686 565 1716 rerum
590 1670 921 1734 gerendarum,
943 1671 1131 1733 abjecta
1156 1671 1281 1717 omni
1307 1671 1617 1725 cunctatione,
1636 1671 1717 1716 ad-

112 1744 339 1806 ipiscendi
363 1745 668 1808 magistratus
694 1751 741 1791 et
765 1745 974 1809 gerenda
998 1761 1072 1791 res
1098 1746 1287 1808 publica
1312 1752 1396 1792 est.
1468 1746 1570 1792 Nec
1596 1746 1715 1792 enim

111 1819 244 1865 aliter
267 1825 349 1865 aut
373 1820 475 1883 regi
501 1820 676 1875 civitaS,
704 1827 786 1866 aut
813 1820 1040 1866 declarari
1071 1820 1212 1866 animi
1235 1820 1512 1884 magnitudo
1547 1826 1718 1884 potest.

113 1895 481 1957 Capessentibus
506 1901 665 1941 autem
690 1911 789 1941 rem
825 1895 1063 1957 publicam
1098 1895 1212 1941 nihil
1248 1896 1413 1949 minua
1440 1911 1581 1957 quam
1615 1896 1715 1959 phi·
1745 1901 1772 1942 8

112 1969 332 2031 losophis,
360 1970 490 2015 haud
527 1970 623 2015 scio
659 1986 719 2015 an
754 1970 903 2032 magis
943 1970 1095 2024 etiam,
1124 1975 1171 2015 et
1194 1966 1541 2033 magnificentia
1566 1976 1613 2016 et
1638 1970 1717 2016 de-

112 2043 353 2106 spicientia
378 2043 646 2089 adhibenda
669 2044 729 2089 sit
752 2059 908 2102 rerum
932 2044 1258 2098 humanarum,
1281 2060 1424 2106 quam
1451 2060 1577 2107 saepe
1597 2045 1714 2099 dico,

112 2124 160 2164 et
185 2118 493 2180 tranquillitas
531 2118 670 2164 animi
706 2124 847 2180 atque
872 2118 1130 2164 securitas:
1169 2118 1206 2165 si
1243 2119 1433 2181 quidem
1472 2135 1557 2165 nec
1596 2120 1716 2167 anxii

112 2193 258 2239 futuri
294 2199 418 2248 sunt,
455 2199 503 2239 et
540 2210 648 2239 cum
685 2193 917 2256 gravitate
959 2193 1312 2256 constantiaque
1349 2193 1528 2241 victuri.
1600 2195 1719 2249 Quae
1745 2200 1771 2242 9

113 2268 315 2314 faciliora
339 2276 449 2316 sunt
473 2268 778 2331 philosophis,
814 2283 907 2330 quo
940 2267 1093 2314 minus
1118 2269 1269 2314 multa
1294 2274 1461 2330 patent
1484 2269 1531 2314 in
1555 2285 1718 2315 eorum

113 2343 221 2397 vita,
249 2358 355 2405 quae
386 2343 573 2388 fortuna
605 2342 754 2396 feriat,
782 2349 831 2389 et
862 2359 956 2405 quo
991 2343 1144 2388 minus
1177 2344 1337 2389 multis
1369 2344 1510 2390 rebus
1544 2351 1715 2407 egent:

113 2425 161 2463 et
195 2418 317 2480 quia,
344 2417 383 2463 si
423 2416 535 2479 quid
578 2417 762 2463 adversi
802 2417 999 2471 eveniat,
1037 2422 1137 2463 tam
1176 2418 1383 2481 graviter
1424 2418 1592 2464 cadere
1626 2435 1717 2465 non

114 2498 324 2555 possunt.
395 2492 625 2548 Quocirca
648 2507 740 2538 non
765 2492 861 2538 sine
887 2507 1027 2538 causa
1050 2493 1254 2556 majores
1279 2499 1435 2539 motus
1460 2493 1717 2539 animorum
1750 2498 1803 2538 10

113 2567 417 2621 concitantur,
444 2567 689 2630 majorque
715 2567 943 2613 efficiendi
978 2583 1090 2613 cura
1114 2583 1215 2613 rem
1251 2567 1491 2630 publicam
1515 2568 1715 2631 gerenti-

113 2642 217 2695 bus,
243 2658 385 2704 quam
410 2642 607 2704 quietis;
645 2657 738 2704 quo
775 2641 926 2705 magis
963 2641 1036 2687 his
1074 2648 1122 2688 et
1160 2633 1438 2705 magnitudo
1474 2648 1545 2688 est
1580 2642 1719 2688 animi

114 2716 380 2762 adhibenda
404 2721 452 2761 et
469 2716 680 2762 vacuitas
704 2717 763 2762 ab
789 2716 1055 2779 angoribus
1126 2716 1209 2762 Ad
1233 2732 1333 2762 rem
1357 2717 1612 2780 gerendam
1637 2732 1717 2761 au·
1748 2722 1797 2761 1¹.

114 2797 210 2837 tem
245 2790 324 2852 qui
357 2790 553 2844 accedit,
581 2796 758 2844 caveat,
794 2806 854 2836 ne
894 2791 942 2836 id
977 2791 1119 2837 modo
1162 2791 1437 2845 consideret,
1465 2807 1605 2854 quam
1641 2791 1719 2836 illa

113 2880 187 2911 res
224 2866 422 2910 honesta
447 2864 532 2910 sit:
570 2864 654 2910 sed
679 2865 834 2919 etiam,
861 2871 915 2911 ut
953 2866 1128 2912 habeat
1166 2865 1393 2912 efficiendi
1427 2866 1715 2911 facultatem.

115 2938 172 2985 In
213 2955 306 3001 quo
346 2938 450 3001 ipso
491 2939 881 2984 considerandum
924 2946 1009 2993 est,
1053 2956 1111 2985 ne
1153 2946 1237 2985 aut
1277 2945 1453 2986 temere
1495 2939 1715 3001 desperet
1743 2943 1799 2985 12

117 3019 310 3076 propter
345 3013 592 3075 ignaviam,
619 3018 700 3058 aut
738 3013 870 3058 nimis
913 3014 1118 3059 confidat
1157 3020 1353 3076 propter
1392 3013 1716 3076 cupiditatem.
