2054 3470
670 269 810 298 mmm
835 269 886 298 11.
959 267 1066 299 οΑΡ.
1095 268 1190 298 xw.
1712 256 1765 300 'sl

91 382 312 430 versatur,
340 376 381 430 ii,
409 376 602 422 simulac
635 376 831 438 juvenes
864 391 964 421 esse
990 381 1250 437 coeperunt,
1277 391 1448 437 magna
1472 381 1685 436 spectare

89 458 135 498 et
165 452 226 498 ad
262 468 318 498 ea
348 452 487 498 rectis
512 452 677 497 studiis
703 451 878 497 debent
903 451 1185 497 contendere
1206 466 1215 497 ε
1253 451 1380 512 quod
1406 466 1460 496 eo
1486 451 1687 497 firmiore

87 526 239 572 animo
264 526 449 580 facient,
476 526 583 587 quia
608 542 699 570 non
724 526 864 570 modo
890 541 981 569 non
1014 524 1245 571 invidetur
1269 525 1331 570 illi
1358 525 1496 580 aetati,
1524 541 1682 572 verum

87 601 224 646 etiam
251 601 447 646 favetur.

150 750 307 795 Prima
345 757 417 796 est
451 750 593 813 igitur
627 749 913 795 adolescenti
948 749 1291 795 commendatio
1316 750 1375 796 ad
1412 750 1622 813 gloriam,
1650 749 1689 796 si
1713 757 1736 796 ἔ,

85 840 177 886 qua
212 840 237 870 e
253 841 283 869 x
325 826 355 871 b
371 825 485 870 elli
504 824 593 871 cis
631 840 692 870 re
708 825 738 870 b
755 841 820 870 us
856 823 1116 886 comparari
1148 830 1331 886 potest;
1367 824 1413 870 in
1437 840 1530 886 qua
1555 825 1689 871 multi

84 899 210 961 apud
231 899 432 962 majores
451 906 634 952 nostros
654 899 929 946 extiterunt:
957 914 1143 962 semper
1160 899 1283 944 enim
1301 899 1396 945 fere
1416 899 1539 946 bella
1556 915 1687 963 gere-

86 974 267 1022 bantur.
317 976 416 1021 Tua
434 982 591 1022 autem
612 981 725 1022 aetas
743 975 903 1022 incidit
921 975 966 1021 in
984 975 1031 1021 id
1051 976 1242 1030 bellum,
1262 976 1397 1039 cujus
1415 976 1561 1022 altera
1580 992 1689 1039 pars
1714 982 1741 1023 6

84 1050 271 1095 sceleris
295 1050 486 1096 nimium
511 1051 689 1105 habuit,
716 1051 864 1096 altera
891 1050 1123 1096 felicitatis
1149 1067 1330 1113 parum.
1401 1051 1506 1107 Quo
1529 1057 1688 1097 tamen
1717 1052 1740 1097 7

84 1124 129 1170 in
164 1125 300 1179 bello,
328 1141 434 1170 cum
470 1131 516 1171 te
552 1125 807 1188 Pompeius
843 1125 930 1171 alae
966 1125 1101 1171 alteri
1136 1126 1438 1188 praefecisset,
1465 1142 1687 1190 magnam

84 1198 272 1244 laudem
310 1205 358 1244 et
393 1215 420 1244 a
455 1216 641 1245 summo
664 1200 763 1245 viro
788 1205 835 1245 et
860 1200 919 1245 ab
947 1200 1153 1245 exercitu
1186 1201 1536 1263 consequebare
1561 1201 1687 1263 equi-

86 1272 242 1327 tando,
265 1273 534 1335 jaculando,
562 1274 688 1319 omni
721 1274 907 1320 militari
934 1274 1096 1320 labore
1121 1274 1376 1321 tolerando.
1446 1275 1609 1337 Atque
1634 1291 1688 1321 ea

85 1347 275 1409 quidem
299 1353 381 1393 tua
404 1348 505 1394 laus
531 1348 706 1410 pariter
730 1365 838 1394 cum
862 1365 911 1394 re
936 1349 1122 1411 publica
1142 1349 1320 1396 cecidit.
1391 1350 1506 1396 Mihi
1530 1356 1688 1396 autem
1715 1357 1742 1397 Β

84 1422 189 1468 haec
208 1422 354 1468 oratio
373 1429 593 1485 suscepta
610 1439 704 1468 non
723 1423 782 1469 de
807 1429 855 1469 te
881 1430 967 1478 est,
993 1423 1075 1469 sed
1102 1424 1160 1469 de
1184 1440 1354 1487 genere
1372 1430 1497 1471 toto:
1525 1441 1687 1487 quam-
1704 1455 1727 1462 κ

85 1496 245 1542 obrem
270 1512 522 1560 pergamus
547 1497 607 1543 ad
633 1513 700 1552 ea,
728 1515 835 1560 quae
861 1504 1054 1544 restant.

150 1571 218 1617 Ut
253 1571 396 1634 igitur
429 1571 475 1617 in
508 1572 697 1634 reliquis
731 1574 872 1619 rebus
907 1573 1056 1618 multo
1090 1573 1266 1636 majora
1296 1590 1437 1637 opera
1462 1581 1570 1621 sunt
1595 1575 1687 1620 ani-
1715 1581 1740 1621 9

84 1645 160 1698 mi,
187 1661 327 1707 quam
365 1647 597 1709 corporis:
636 1647 700 1693 sic
726 1663 794 1693 eae
819 1664 906 1702 res,
934 1664 1051 1710 quas
1083 1647 1265 1711 ingenio
1290 1664 1344 1695 ac
1373 1650 1549 1696 ratione
1582 1666 1685 1712 per-

84 1720 333 1782 sequimur,
370 1721 606 1784 graviores
642 1728 765 1776 sunt,
801 1738 942 1784 quam
977 1723 1085 1776 illae,
1122 1739 1238 1785 quas
1273 1724 1459 1771 viribus.
1529 1725 1687 1771 Prima
1716 1731 1774 1772 10

85 1795 224 1858 igitur
240 1796 583 1842 commendatio
600 1798 905 1859 proficiscitur
925 1813 952 1843 a
971 1815 1019 1843 m
1033 1814 1059 1843 o
1071 1798 1100 1843 d
1116 1814 1140 1844 e
1155 1815 1175 1844 s
1189 1805 1208 1843 t
1222 1799 1235 1844 i
1250 1815 1277 1843 a
1291 1835 1301 1854 ,
1325 1804 1426 1844 tum
1449 1816 1478 1861 p
1493 1799 1617 1845 ieta
1630 1806 1650 1845 t
1663 1816 1687 1845 e

84 1870 128 1916 in
166 1877 396 1932 parentes,
435 1871 483 1917 in
526 1887 637 1918 suos
685 1872 1007 1919 benivolentia.
1079 1873 1317 1919 Facillime
1353 1880 1525 1928 autem,
1562 1880 1608 1920 et
1642 1874 1687 1920 in
1715 1880 1765 1920 1]

84 1945 310 2007 optimam
336 1952 533 2008 partem,
557 1954 905 2009 cognoscuntur
923 1946 1257 2001 adolescentes,
1279 1947 1358 2009 qui
1382 1964 1431 1994 se
1450 1948 1510 1994 ad
1525 1948 1686 1995 'claros

85 2025 132 2065 et
155 2020 387 2082 sapientes
408 2020 543 2074 viros,
565 2021 683 2067 bene
709 2021 1004 2067 consulentes
1029 2021 1094 2066 rei
1120 2022 1339 2084 publicae,
1361 2023 1684 2070 contulerunt:

85 2093 363 2156 quibuscum
402 2094 439 2140 si
475 2094 741 2157 frequentes
784 2101 907 2149 sunt,
950 2095 1213 2158 opinionem
1253 2097 1454 2143 afferunt
1494 2098 1684 2160 populo,

85 2184 246 2215 eorum
282 2169 381 2215 fore
420 2185 468 2215 se
505 2169 689 2224 similes,
717 2186 834 2232 quos
874 2170 960 2216 sibi
991 2170 1078 2232 ipsi
1111 2170 1371 2234 delegerint
1405 2171 1465 2217 ad
1502 2172 1685 2218 imitan-

85 2242 210 2290 dum.
280 2243 334 2290 P.
361 2244 521 2289 Rutilii
544 2243 908 2291 adolescentiam
932 2245 993 2290 ad
1019 2245 1282 2308 opinionem
1313 2252 1360 2292 et
1393 2246 1685 2302 innocentiae,
1714 2253 1771 2294 12

44 2322 47 2323 ⁷
85 2323 132 2363 et
167 2318 284 2380 juris
325 2318 542 2373 scientiae,
580 2319 635 2365 P.
672 2319 815 2365 Mucii
850 2320 1193 2366 commendavit
1228 2320 1410 2368 domus.
1480 2322 1606 2368 Nam
1630 2322 1683 2368 L.
1714 2328 1770 2369 13

84 2392 273 2455 quidem
293 2393 505 2448 Crassus,
527 2410 634 2439 cum
652 2400 776 2440 esset
795 2394 1052 2440 admodum
1072 2394 1360 2450 adolescens,
1381 2412 1472 2442 non
1499 2397 1685 2443 aliunde
1740 2402 1744 2403 ⁷

84 2472 327 2514 mutuatus
363 2473 449 2523 est,
475 2468 560 2514 sed
585 2468 671 2514 sibi
695 2468 794 2531 ipse
820 2469 1005 2531 peperit
1038 2469 1289 2515 maximam
1313 2470 1504 2517 laudem
1529 2487 1586 2518 ex
1609 2472 1687 2517 illa

84 2542 378 2589 accusatione
402 2543 543 2589 nobili
568 2549 614 2589 et
648 2543 885 2606 gloriosa:
923 2549 970 2589 et
995 2560 1087 2606 qua
1120 2550 1260 2590 aetate
1284 2545 1364 2606 qui
1398 2552 1686 2601 exercentur,

85 2615 225 2662 laude
259 2616 379 2662 affici
413 2617 579 2671 solent,
604 2623 659 2663 ut
694 2617 754 2663 de
790 2617 1110 2664 Demosthene
1145 2619 1426 2681 accepimuS‚
1452 2635 1508 2666 ea
1544 2626 1686 2667 aetate

86 2689 137 2736 L.
166 2690 362 2736 Crassus
397 2691 613 2745 ostendit,
639 2691 686 2737 id
722 2707 772 2738 se
806 2692 851 2738 in
888 2692 990 2738 foro
1024 2693 1200 2755 optime
1232 2694 1332 2756 jam
1365 2695 1533 2749 facere,
1560 2695 1686 2757 quod

87 2764 329 2810 etiamtum
354 2770 539 2827 poterat
564 2766 690 2812 domi
714 2783 819 2812 cum
846 2766 987 2813 laude
1012 2767 1245 2815 meditari.

150 2913 284 2960 XIV.
321 2913 416 2960 Sed
442 2931 548 2960 cum
569 2915 744 2978 duplex
768 2916 885 2962 ratio
911 2916 969 2963 sit
994 2917 1224 2971 orationiS,
1246 2933 1445 2980 quarum
1470 2917 1514 2963 in
1539 2918 1685 2963 altera
1731 2920 1733 2924 ’

87 3002 238 3036 sermo
274 2989 345 3043 sit,
371 2989 418 3035 in
451 2989 598 3035 altera
631 2990 891 3037 contentio:
934 3007 1026 3037 non
1061 2997 1133 3038 est
1166 2991 1214 3037 id
1249 2992 1439 3053 quidem
1475 2992 1685 3046 dubium,

87 3060 195 3124 quin
220 3063 456 3110 contentio
481 3064 699 3110 orationis
724 3065 948 3127 majorem
973 3066 1066 3111 vim
1091 3066 1265 3112 habeat
1288 3065 1348 3110 ad
1384 3066 1583 3129 gloriam
1611 3064 1686 3128 (ea
