2054 3470
245 218 295 258 18
926 229 988 258 DE
1016 228 1225 260 ormons

322 335 417 383 licis
443 336 755 399 imperavisse,
782 341 834 382 ut
858 336 1013 382 omnia
1048 337 1384 399 praeberentur,
1412 337 1676 401 quicunque
1701 335 1922 385 Laciades

321 410 365 456 in
392 411 545 457 villam
571 427 703 457 suam
729 411 1018 458 devertisset.

386 562 515 607 XIX.
555 562 673 617 Quae
701 566 860 606 autem
886 577 1041 624 opera,
1069 579 1162 609 non
1196 563 1453 626 largitione,
1482 562 1706 609 beneficia
1738 563 1921 618 dantur,

321 637 423 682 haec
439 642 541 682 tum
557 636 603 682 in
618 636 882 682 universam
896 653 993 683 rem
1011 638 1263 699 publicam,
1284 645 1382 684 tum
1398 638 1442 683 in
1458 637 1666 701 singulos
1682 637 1805 684 cives
1822 654 1928 684 con-

270 717 293 757 2
322 712 546 758 feruntur.
585 711 711 757 Nam
729 711 774 757 in
790 711 895 774 jure
915 727 1095 767 cavere,
1115 713 1303 759 consilio
1315 713 1494 776 juvare,
1514 719 1656 774 atque
1674 713 1764 759 hoc
1784 712 1928 759 scien-

323 786 396 832 tiae
435 802 606 850 genere
644 786 869 849 prodesse
905 803 1047 849 quam
1083 787 1307 850 plurimis,
1335 788 1635 834 vehementer
1660 793 1707 833 et
1730 787 1791 833 ad
1817 803 1930 850 opes

269 868 293 906 3
323 861 565 924 augendas
600 861 816 923 pertinet,
844 867 891 907 et
929 862 989 907 ad
1027 862 1242 925 gratiam.
1312 862 1478 924 Itaque
1504 878 1611 908 cum
1635 862 1785 908 multa
1809 879 1930 925 prae-

325 936 450 982 clara
469 937 716 999 majorum,
735 942 835 981 tum
854 936 981 998 quod
1002 936 1177 997 optime
1196 937 1435 983 constituti
1450 937 1567 999 juris
1586 937 1729 982 civilis
1748 953 1931 983 summo

269 1016 296 1055 4
323 1026 509 1073 semper
531 1011 576 1056 in
600 1011 776 1057 honore
801 1010 889 1056 fuit
909 1011 1110 1074 cognitio
1129 1018 1270 1073 atque
1295 1011 1644 1074 interpretatio;
1672 1026 1813 1073 quam
1833 1011 1931 1073 qui-

324 1085 434 1131 dem
471 1092 579 1131 ante
616 1086 737 1131 hanc
779 1085 1098 1131 confusionem
1135 1092 1402 1149 temporum
1438 1086 1484 1132 in
1522 1085 1812 1149 possessione
1848 1102 1932 1131 sua

326 1160 558 1223 principes
593 1160 912 1206 retinuerunt:
948 1177 1086 1214 nunc,
1112 1166 1167 1206 ut
1190 1161 1406 1215 honores,
1431 1167 1485 1207 ut
1510 1177 1670 1207 omnes
1695 1160 1933 1224 dignitatis

272 1243 297 1280 5
325 1234 516 1299 gradus,
544 1235 608 1281 sic
633 1235 776 1298 hujus
802 1235 1007 1281 scientiae
1030 1236 1254 1298 splendor
1278 1235 1461 1282 deletus
1486 1242 1583 1282 est:
1620 1236 1762 1298 idque
1787 1252 1842 1281 eo
1866 1235 1932 1281 in-

326 1311 526 1374 dignius,
546 1310 671 1372 quod
693 1326 747 1355 eo
767 1316 982 1373 tempore
1001 1311 1091 1356 hoc
1109 1310 1319 1374 contigit,
1333 1327 1440 1357 cum
1458 1310 1495 1356 is
1516 1316 1653 1365 esset,
1675 1310 1754 1373 qui
1773 1326 1934 1357 omnes

327 1386 604 1448 superiores,
648 1384 818 1447 quibus
864 1386 1040 1431 honore
1081 1401 1168 1448 par
1213 1391 1350 1439 esset,
1393 1385 1584 1432 scientia
1629 1386 1764 1432 facile
1803 1386 1933 1432 vicis-

273 1466 298 1506 6
327 1466 411 1507 set.
483 1461 604 1506 Haec
629 1460 771 1523 igitur
796 1476 951 1522 opera,
973 1467 1109 1524 grata
1133 1461 1306 1514 multis,
1329 1465 1375 1506 et
1399 1460 1458 1506 ad
1484 1460 1718 1507 beneficiis
1737 1461 1929 1507 obstrin-

274 1537 297 1582 7
327 1536 505 1599 gendos
530 1535 739 1581 homines
764 1535 1136 1582 accommodata.
1205 1536 1370 1598 Atque
1405 1535 1513 1582 huic
1538 1535 1625 1581 arti
1648 1535 1841 1581 finitima
1865 1542 1935 1581 est

328 1611 511 1656 dicendi
536 1611 749 1665 facultas,
771 1616 817 1656 et
841 1610 1042 1673 gravior,
1063 1616 1111 1656 et
1136 1611 1352 1657 ornatior.
1426 1610 1549 1666 Quid
1570 1610 1692 1656 enim
1717 1611 1935 1673 eloquen-

327 1686 393 1731 tia
433 1685 760 1748 praestabiliUS,
787 1686 863 1732 vel
904 1684 1213 1731 admiratione
1251 1685 1556 1739 audientium,
1584 1686 1658 1732 vel
1699 1701 1783 1748 spe
1821 1686 1936 1732 indi-

275 1768 301 1808 8
328 1761 555 1824 gentium,
581 1760 653 1806 vel
691 1776 867 1814 eorum,
894 1760 974 1822 qui
998 1760 1178 1806 defensi
1213 1766 1334 1814 sunt,
1361 1761 1552 1824 gratia?
1624 1760 1748 1807 Huic
1775 1777 1886 1825 ergo
1910 1777 1936 1807 a

276 1841 302 1883 9
329 1835 585 1898 majoribus
604 1835 772 1881 nostris
789 1841 859 1881 est
877 1835 923 1880 in
941 1841 1055 1898 toga
1075 1834 1312 1898 dignitatis
1329 1835 1618 1898 principatus
1638 1835 1792 1882 datus.
1853 1836 1936 1882 Di-

329 1911 440 1957 serti
473 1910 616 1974 igitur
649 1910 861 1965 hominis,
889 1916 936 1956 et
971 1910 1106 1956 facile
1140 1910 1410 1965 laborantiS,
1437 1910 1661 1973 quodque
1696 1910 1743 1956 in
1777 1911 1937 1973 patriis

330 1992 401 2032 est
424 1986 645 2040 moribus,
673 1986 929 2031 multorum
955 2001 1118 2032 causas
1144 1990 1191 2031 et
1214 2001 1311 2031 non
1335 1992 1531 2049 gravate
1555 1991 1603 2031 et
1626 1985 1832 2048 gratuito
1858 1985 1936 2032 de-

251 2067 303 2109 10
329 2061 575 2115 fendentis,
594 2060 817 2108 beneficia
837 2067 883 2107 et
903 2060 1159 2123 patrocinia
1178 2060 1272 2106 late
1291 2066 1469 2122 patent.
1538 2060 1847 2106 Admonebat
1864 2076 1938 2106 me

328 2152 417 2191 reS,
442 2141 497 2182 ut
534 2137 624 2182 hoc
667 2151 854 2198 quoque
891 2136 994 2181 loco
1032 2135 1420 2182 intermissionem
1458 2135 1749 2197 eloquentiae,
1776 2150 1834 2180 116
1870 2135 1938 2181 di-

330 2227 433 2257 cam
458 2211 708 2265 interitum,
731 2211 1024 2272 deplorarem
1044 2226 1052 2256 :
1089 2210 1136 2255 ni
1155 2226 1350 2264 vererer,
1372 2226 1429 2255 ne
1455 2210 1514 2255 de
1538 2226 1613 2256 me
1638 2210 1740 2273 ipso
1765 2210 1938 2272 aliquid

332 2286 516 2332 viderer
540 2285 684 2348 queri.
757 2285 854 2330 Sed
893 2290 1052 2330 tamen
1075 2284 1303 2338 videmuS‚
1331 2285 1499 2346 quibus
1536 2284 1750 2330 extinctis
1786 2291 1938 2331 orato-

330 2361 474 2415 ribus,
502 2376 645 2422 quam
683 2360 729 2405 in
767 2359 928 2422 paucis
954 2375 1075 2422 speS,
1104 2365 1280 2421 quanto
1315 2360 1359 2405 in
1398 2359 1696 2421 paucioribus
1721 2359 1936 2414 facultas,

253 2442 300 2484 11
333 2452 474 2499 quam
499 2435 546 2484 in
570 2435 730 2480 multis
757 2435 815 2480 sit
839 2434 1049 2480 audacia.
1112 2435 1233 2479 Cum
1259 2441 1416 2479 autem
1441 2449 1601 2479 omnes
1626 2450 1717 2479 non
1743 2434 1938 2496 possint,

332 2528 390 2558 ne
414 2510 549 2561 multi
573 2510 778 2573 quidem,
805 2515 888 2555 aut
924 2509 1041 2572 juris
1083 2509 1218 2571 periti
1253 2524 1367 2562 esse,
1396 2514 1478 2554 aut
1503 2508 1689 2562 diserti;
1726 2509 1835 2555 licet
1870 2514 1938 2555 ta-

333 2602 440 2632 men
465 2601 608 2648 opera
633 2585 855 2648 prodesse
881 2585 1054 2638 multiS,
1081 2584 1304 2630 beneficia
1329 2589 1582 2646 petentem,
1611 2583 1936 2629 commendan-

334 2666 430 2707 tem
464 2660 715 2723 judicibus,
742 2659 1108 2722 magistratibus,
1136 2659 1405 2722 vigilantem
1442 2674 1528 2720 pro
1552 2674 1602 2704 re
1627 2658 1832 2712 alterius,
1860 2674 1938 2704 eos

335 2735 475 2798 ipsos,
503 2734 581 2796 qui
617 2741 699 2780 aut
735 2734 1056 2788 consuluntur,
1084 2739 1167 2779 aut
1199 2732 1473 2787 defendunt,
1500 2738 1774 2796 rogantem:
1813 2732 1937 2794 quod

335 2809 415 2872 qui
438 2809 628 2863 faciunt,
658 2809 908 2871 plurimum
942 2808 1106 2872 gratiae
1135 2813 1496 2869 consequuntur,
1523 2807 1839 2868 latissimeque
1864 2822 1934 2852 eo·

256 2890 311 2932 12
341 2901 443 2930 rum
471 2890 632 2930 manat
655 2884 895 2930 industria.
966 2884 1075 2930 Jam
1110 2882 1226 2928 illud
1263 2899 1356 2928 non
1394 2888 1504 2928 sunt
1539 2881 1823 2927 admonendi
1850 2879 1938 2944 (est

337 2959 460 3008 enim
482 2959 528 3004 in
553 2957 796 3022 promptu)
823 2964 876 3004 ut
901 2957 1290 3010 animadvertant,
1317 2973 1424 3002 cum
1454 2957 1621 3019 juvare
1645 2956 1758 3002 alios
1783 2956 1938 3010 velint,

258 3039 314 3083 13
340 3050 398 3083 ne
433 3050 550 3096 quos
587 3033 837 3079 offendant.
910 3033 1048 3095 Saepe
1074 3031 1196 3078 enim
1238 3037 1320 3077 aut
1362 3047 1442 3077 eos
1482 3030 1680 3084 laedunt,
1708 3045 1825 3092 quos
1848 3045 1937 3075 non
