2054 3470
651 260 788 289 LIBER
812 260 881 290 111.
953 259 1192 290 emnvm.
1708 249 1769 289 95
1834 242 1840 243 7

80 366 286 427 tudinem
324 367 631 429 fugiendum3
668 366 780 429 quid
817 367 888 421 sit,
916 366 1043 429 quod
1078 366 1249 411 idcirco
1284 364 1560 427 fugiendum
1596 381 1686 410 non

77 440 147 495 sit,
166 441 294 503 quod
319 442 504 487 omnino
524 448 662 503 turpe
685 458 777 487 non
802 447 887 487 est.
941 441 1037 487 Sed
1058 440 1277 503 quoniam
1296 439 1425 501 operi
1449 439 1681 487 inchoato.
1711 446 1737 486 3

76 531 222 578 prope
237 523 394 561 tamen
410 517 639 570 absoluto,
657 521 899 577 tamquam
915 515 1155 578 fastigium
1173 515 1455 577 imponimus
1473 529 1482 558 :
1504 520 1557 559 ut
1572 529 1683 576 geo-

75 597 237 636 metrae
272 591 422 636 solent
457 607 550 636 non
586 591 739 636 omnia
776 591 960 645 docere,
987 590 1070 636 sed
1107 590 1360 652 postulare,
1385 596 1439 634 ut
1462 588 1684 650 quaedam

73 665 158 711 sibi
183 666 511 719 concedantur,
533 682 626 726 quo
651 665 844 719 facilius,
871 681 979 726 quae
1003 665 1181 719 volunt,
1209 665 1467 726 explicent:
1496 663 1560 710 sic
1588 681 1681 728 ego

73 756 99 784 a
124 746 170 785 tc
196 740 395 801 postulo,
414 740 478 785 mi
505 740 681 794 Cicero,
703 745 756 785 ut
781 740 894 785 mihi
919 739 1163 793 concedas,
1185 738 1223 784 si
1247 746 1397 801 potes,
1418 740 1542 794 nihil,
1562 755 1681 802 prae-

75 822 143 859 ter
166 814 227 868 id,
255 814 381 876 quod
407 815 661 860 honestum
687 815 759 868 sit,
787 820 982 878 propter
1005 829 1054 859 se
1080 829 1181 859 esse
1207 814 1539 875 expetendum.
1600 814 1682 860 Sin
1708 822 1734 859 4

75 890 160 934 hoc
199 906 291 935 non
329 890 438 935 licet
473 906 559 952 per
584 889 880 952 Cratippum,
907 896 956 935 at
980 888 1096 934 illud
1122 894 1248 934 certe
1274 888 1420 942 dabis,
1448 888 1575 951 quod
1600 889 1682 933 ho-

73 971 257 1009 nestum
295 964 366 1018 sit,
393 964 439 1009 id
467 980 568 1010 esse
603 964 804 1010 maxime
843 970 1037 1026 propter
1074 979 1123 1009 se
1163 963 1496 1025 expetendum.
1568 962 1684 1008 Mihi

74 1039 301 1084 utrumvis
326 1039 436 1084 satis
462 1044 559 1085 est:
587 1045 632 1084 et
657 1045 759 1084 tum
782 1039 886 1092 hoc,
904 1038 1144 1083 tum'illud
1170 1037 1456 1100 probabilius
1484 1037 1680 1091 videtur,

71 1128 154 1158 nec
193 1119 421 1175 praeterea
458 1113 708 1175 quicquam
744 1113 1000 1176 probabile.
1072 1113 1146 1159 Ac
1173 1112 1382 1175 primum
1408 1112 1453 1158 in
1477 1113 1566 1158 hoc
1591 1112 1680 1157 Pa-
1708 1119 1735 1158 5

70 1187 235 1232 naetius
274 1188 597 1233 defendendus
636 1194 721 1242 est,
749 1188 877 1250 quod
911 1204 1003 1233 non
1037 1187 1167 1232 utilia
1205 1204 1312 1232 cum
1350 1187 1556 1232 honestis
1596 1204 1680 1249 pu-

70 1278 215 1324 gnare
239 1262 489 1324 aliquando
515 1277 653 1324 posse
679 1262 845 1308 dixerit
867 1261 1037 1325 (neque
1059 1262 1179 1308 enim
1199 1262 1240 1307 ei
1263 1262 1334 1306 fas
1359 1260 1480 1324 erat)
1501 1261 1584 1307 scd
1610 1277 1678 1315 ea,

69 1353 176 1398 quae
204 1336 472 1383 viderentur
494 1337 637 1383 utilia.
708 1337 838 1382 Nihil
863 1353 975 1383 vero
1001 1337 1127 1390 utile,
1155 1335 1284 1398 quod
1319 1352 1412 1382 non
1446 1336 1571 1382 idem
1597 1336 1679 1381 ho·
1707 1341 1736 1383 6

70 1417 286 1457 nestum:
322 1412 435 1458 nihil
470 1412 734 1466 honestum,
762 1412 889 1474 quod
925 1428 1017 1457 non
1052 1411 1176 1457 idem
1212 1411 1325 1456 utile
1361 1411 1433 1465 sit,
1461 1426 1589 1473 saepe
1613 1417 1678 1456 tc-

70 1491 250 1532 statur:
288 1492 525 1549 negatque
549 1486 695 1531 ulla-m
722 1493 904 1549 pestem
937 1486 1165 1549 majorem
1189 1485 1235 1531 in
1260 1486 1403 1531 vitam
1439 1485 1681 1531 hominum

69 1561 303 1613 invasisse,
330 1577 471 1623 quarn
497 1577 660 1606 eorum
684 1561 964 1624 opinionem,
986 1561 1064 1623 qui
1088 1561 1175 1606 ista
1200 1560 1512 1606 distraxerint.
1584 1561 1679 1606 Ita·
1708 1561 1733 1606 7

70 1651 161 1697 que
195 1652 288 1681 non
323 1641 376 1681 ut
411 1635 663 1697 aliquando
688 1642 1081 1698 anteponeremus
1109 1635 1239 1681 utilia
1273 1635 1492 1689 honestis,
1519 1634 1602 1680 sed
1628 1642 1680 1680 ut

70 1726 125 1755 ca
162 1709 258 1755 sine
298 1725 455 1756 errore
494 1710 872 1773 dijudicaremus,
899 1710 936 1755 si
962 1711 1151 1772 quando
1186 1710 1469 1764 incidissent,
1496 1709 1681 1755 induxit

71 1800 186 1839 eam,
204 1800 310 1847 quae
327 1785 565 1831 videretur
583 1801 701 1839 esse,
721 1802 811 1830 non
829 1801 934 1846 quae
955 1792 1091 1838 esset,
1111 1784 1485 1848 repugnantiam.
1542 1785 1678 1830 Hanc
1707 1789 1734 1830 8

69 1859 210 1922 igitur
233 1867 417 1922 partem
442 1860 655 1906 relictam
682 1860 990 1922 explebimus,
1012 1860 1147 1905 nullis
1175 1859 1481 1913 adminiculis,
1503 1859 1599 1912 sed,
1628 1866 1681 1905 ut

70 1934 252 1989 dicitur,
290 1935 443 1980 Marte
478 1942 653 1980 nostro.
726 1935 894 1996 Neque
934 1935 1055 1980 enim
1094 1934 1345 1996 quicquam
1384 1940 1456 1979 est
1494 1933 1553 1979 de
1591 1934 1678 1980 hac
1707 1939 1732 1980 9

71 2015 204 2072 parte
230 2016 336 2071 post
354 2010 621 2055 Panaetium
642 2009 943 2071 explicatum,
963 2009 1088 2071 quod
1107 2009 1295 2071 quidem
1321 2009 1433 2054 mihi
1459 2010 1676 2071 probare-

73 2095 161 2138 tur,
189 2084 248 2129 de
272 2083 339 2138 iis,
368 2100 474 2146 quae
503 2084 547 2129 in
572 2100 738 2129 manus
763 2099 890 2130 meas
917 2083 1140 2130 venerint.

94 2227 98 2230 Δ
136 2233 276 2279 VIII.
306 2233 427 2278 Cum
452 2232 594 2296 igitur
618 2233 774 2295 aliqua
799 2233 978 2295 species
1002 2232 1215 2278 utilitatis
1236 2232 1425 2295 objecta
1446 2238 1531 2285 est,
1554 2248 1678 2278 com-

71 2308 245 2354 moveri
267 2323 445 2354 necessr
484 2315 581 2354 est:
620 2308 703 2354 sed
728 2308 778 2361 si,
808 2324 914 2354 cum
940 2307 1150 2353 animum
1174 2307 1443 2361 attenderis,
1472 2307 1678 2369 turpitu-

42 2416 51 2419 -
71 2382 226 2429 dinem
250 2382 410 2429 videas
434 2382 708 2445 adjunctam
734 2383 775 2428 ei
798 2383 878 2437 rei,
904 2398 1012 2444 quae
1037 2383 1243 2445 speciem
1274 2382 1485 2427 utilitatis
1510 2382 1677 2428 attule-

70 2457 143 2512 rit,
169 2462 270 2504 tum
293 2473 386 2503 non
419 2457 594 2502 utilitas
630 2457 935 2520 relinquenda
970 2462 1055 2511 est,
1082 2457 1165 2503 sed
1200 2456 1571 2519 intelligendum,
1597 2456 1677 2503 ubi

71 2532 314 2595 turpitudo
337 2532 410 2587 sit,
435 2532 498 2579 ibi
520 2532 770 2578 utilitatem
794 2548 896 2578 esse
920 2548 1013 2577 non
1038 2547 1191 2594 posse.
1254 2531 1435 2587 Quodsi
1466 2531 1580 2576 nihil
1605 2537 1677 2577 est
1704 2536 1730 2577 ‘3

73 2613 169 2653 tam
194 2613 353 2653 contra
386 2613 617 2661 naturam,
645 2623 788 2669 quam
826 2606 1072 2668 turpitudo
1098 2605 1251 2669 (rec-ta
1290 2606 1412 2652 enim
1438 2611 1484 2651 et
1509 2621 1675 2652 conve-

71 2681 243 2727 nientia
267 2687 314 2727 et
338 2681 598 2729 constantia
621 2687 789 2727 natura
814 2681 1064 2735 desiderat,
1091 2686 1465 2743 aspernaturque
1493 2687 1677 2726 contra·

71 2753 158 2819 ria)
184 2755 390 2817 nihilque
415 2760 512 2801 tam
538 2756 799 2802 secundum
823 2762 1054 2810 naturam,
1081 2772 1224 2818 quam
1249 2756 1454 2809 utilitas;
1482 2760 1607 2801 certe
1631 2754 1677 2800 in

73 2831 237 2877 eadem
262 2846 312 2876 re
337 2830 511 2875 utilitas
535 2836 582 2876 et
606 2831 853 2893 turpitudo
891 2846 992 2877 esse
1024 2846 1118 2875 non
1154 2836 1325 2892 potest.
1396 2830 1612 2891 Itemque
1638 2828 1674 2874 si
1702 2834 1728 2873 3

73 2905 132 2952 ad
157 2906 452 2951 honestatem
475 2904 572 2950 nati
607 2921 784 2960 sumuS,
810 2921 958 2968 eaque
983 2911 1065 2951 aut
1089 2905 1187 2950 sola
1223 2903 1488 2967 expetenda
1513 2909 1597 2956 est,
1624 2908 1677 2948 ut

75 2979 244 3027 Zenoni
266 2980 418 3026 visum
443 2985 528 3034 est,
555 2985 636 3025 aut
672 2986 797 3026 certe
832 2980 958 3026 omni
995 2980 1200 3042 pondere
1239 2978 1424 3042 gravior
1461 2976 1678 3022 habenda

75 3070 215 3117 quam
234 3055 410 3117 reliqua
426 3054 592 3109 omnia,
610 3053 739 3116 quod
763 3054 1005 3100 Aristoteli
1030 3054 1210 3117 placet;
1236 3068 1425 3099 necesse
1446 3056 1530 3105 est,
1549 3050 1677 3113 quod
