2054 3470
252 186 306 224 54
890 174 895 175 ⁷
938 180 999 223 nn
1038 194 1248 225 ormena

334 308 492 348 autem
533 301 756 364 ipsorum,
800 318 907 364 quae
951 302 1149 348 honesta
1195 309 1317 358 sunt,
1363 309 1520 366 potest
1567 304 1771 351 incidere
1813 320 1935 368 saepc

337 377 572 423 contentio
589 382 636 423 et
654 376 941 439 comparatio
958 392 968 430 ;
996 376 1054 422 de
1072 377 1257 424 duobus
1272 378 1480 424 honestis
1499 384 1661 424 utrum
1678 379 1937 427 honestius:

283 458 306 496 3
336 451 415 514 qui
439 452 569 497 locus
595 467 622 496 a
645 451 861 498 Panaetio
887 456 959 497 est
982 453 1338 513 praetermissus,
1398 453 1523 499 Nam
1550 470 1656 499 cum
1681 454 1831 500 omnis
1857 455 1938 500 ho-

334 532 491 572 nestas
527 532 686 572 manet
718 542 745 571 a
779 526 994 589 partibus
1021 533 1258 588 quattuor,
1288 544 1488 590 quarum
1514 545 1606 574 una
1632 529 1693 575 sit
1716 529 1937 593 cognitio-

333 601 416 655 nis,
444 601 592 646 altera
628 601 988 655 communitatis,
1027 602 1163 648 tertia
1197 603 1604 666 magnanimitatis,
1639 610 1807 666 quarta
1841 621 1939 650 mc-

336 676 586 721 derationis
608 691 616 722 :
654 677 731 722 hae
765 677 810 722 in
837 676 1088 740 deligendo
1123 678 1272 724 officio
1297 694 1424 741 saepe
1450 679 1569 724 inter
1593 695 1642 725 se
1668 695 1938 742 comparen-

338 758 411 796 tur
435 767 624 797 necesse
652 757 739 798 est.

287 832 304 871 4
399 827 564 872 Placet
611 827 768 890 igitur,
811 827 993 889 aptiora
1041 843 1141 873 esse
1190 834 1371 873 naturae
1419 844 1473 874 ea
1521 829 1682 883 officia,
1727 845 1833 892 quae
1884 844 1940 875 ex

283 910 305 949 5
334 902 681 956 communitate,
708 918 850 964 quam
885 918 953 956 ea,
981 918 1088 964 quae
1124 918 1180 948 ex
1214 903 1476 966 cognitione
1501 903 1762 950 ducantur:
1800 904 1940 966 idque

334 978 421 1023 hoc
448 983 729 1040 argumento
755 977 1020 1023 confirmari
1056 983 1228 1040 potest,
1256 978 1398 1039 quod,
1426 978 1463 1023 si
1497 978 1743 1042 contigerit
1768 994 1822 1025 ea
1847 979 1940 1024 vita

334 1051 544 1114 sapienti,
583 1058 636 1097 ut
673 1052 719 1098 in
754 1052 962 1098 omnium
1004 1069 1161 1098 rerum
1197 1053 1496 1099 affluentibus
1532 1054 1690 1115 copiis,
1729 1054 1940 1116 quamvis

333 1127 499 1180 onmia,
527 1143 634 1189 quae
673 1126 938 1190 cognitione
975 1127 1118 1191 digna
1153 1128 1257 1182 sint,
1296 1144 1479 1174 summo
1515 1129 1610 1175 otio
1647 1144 1806 1174 secum
1841 1128 1940 1191 ipse

333 1202 595 1248 consideret
630 1207 677 1248 et
713 1202 1084 1265 contempletur:
1122 1209 1293 1257 tamen,
1324 1203 1362 1249 si
1397 1203 1602 1249 solitudo
1635 1208 1765 1249 tanta
1790 1203 1860 1258 sit,
1888 1209 1941 1249 ut

279 1283 304 1322 C»
334 1277 568 1322 hominem
609 1276 768 1322 videre
810 1293 903 1322 non
942 1277 1104 1340 possit,
1144 1278 1344 1324 excedat
1379 1293 1403 1323 e
1439 1278 1548 1324 vita.
1618 1278 1940 1341 Princepsque

332 1352 537 1397 omnium
578 1351 804 1397 virtutum
839 1351 916 1397 illa
951 1352 1192 1414 sapientia,
1230 1368 1372 1415 quam
1399 1354 1548 1413 σοφίαν
1580 1353 1940 1405 Graecivocant

330 1427 696 1489 ——prudcnt-iam
733 1426 869 1481 enim,
908 1443 1049 1489 quam
1089 1428 1242 1474 Graeci
1280 1427 1491 1492 φξόυησιν,
1534 1428 1670 1473 aliam
1705 1429 1940 1491 quandam

331 1502 646 1565 intelligimus,
675 1518 782 1563 quae
818 1508 890 1548 est
924 1518 1080 1548 rerum
1106 1504 1480 1565 expetendarum
1514 1503 1939 1566 fugiendarumque

286 1599 295 1623 a
331 1578 550 1631 scicntia;
593 1576 670 1623 illa
705 1584 864 1623 autem
903 1577 1148 1639 sapientia,
1187 1593 1328 1640 quam
1364 1578 1622 1640 principem
1650 1578 1757 1632 dixi,
1785 1594 1940 1623 rerum

331 1659 402 1698 est
427 1652 687 1699 divinarum
713 1659 760 1699 et
786 1653 1098 1698 humanarum
1123 1652 1327 1706 scientia,
1354 1653 1399 1698 in
1424 1668 1517 1715 qua
1541 1653 1805 1699 continetur
1829 1653 1938 1698 deo-

333 1744 437 1773 rum
463 1726 510 1774 et
533 1728 777 1774 hominum
801 1727 1124 1781 communitas,
1152 1733 1200 1773 et
1224 1727 1423 1773 societas
1446 1728 1567 1773 inter
1591 1728 1734 1790 ipsos.
1807 1727 1877 1773 Ea
1903 1726 1940 1773 si

330 1802 532 1848 maxima
567 1808 653 1857 est,
679 1808 734 1848 ut
769 1808 854 1856 est,
883 1808 1008 1848 certe
1043 1818 1233 1848 necesse
1270 1808 1354 1857 est,
1383 1802 1510 1864 quod
1544 1818 1572 1848 a
1606 1802 1939 1848 communitate

279 1884 304 1924 8
331 1877 534 1924 dueatur
568 1877 785 1932 officium,
814 1877 861 1924 id
898 1893 1000 1923 esse
1035 1877 1305 1924 maximum.
1374 1877 1562 1924 Etenim
1594 1877 1799 1942 cognitio
1832 1893 1937 1924 con⁴

333 1952 671 2015 templatioque
706 1959 888 1999 naturae
926 1968 1095 1998 manca
1119 1952 1326 2015 quodam
1361 1952 1506 1998 modo
1544 1959 1687 2015 atque
1721 1952 1938 1999 inchoata

332 2027 405 2082 sit,
433 2027 471 2074 si
494 2029 624 2074 nulla
648 2028 769 2074 actio
794 2044 950 2074 rerum
976 2032 1302 2090 consequatur.
1363 2027 1433 2074 Ea
1457 2034 1616 2073 autem
1640 2027 1762 2074 actio
1786 2027 1832 2073 in
1856 2027 1938 2074 ho-

331 2103 510 2149 minum
537 2103 792 2149 commodis
818 2102 1002 2149 tuendis
1028 2103 1230 2148 maxime
1265 2102 1482 2149 cernitur.
1552 2103 1765 2149 Pertinet
1798 2102 1941 2166 igitur

283 2180 306 2219 9
331 2177 393 2223 ad
429 2177 700 2223 societatem
735 2177 918 2240 generis
953 2177 1158 2223 humani.
1229 2177 1356 2239 Ergo
1392 2177 1500 2223 haec
1534 2177 1785 2240 cognitioni
1811 2183 1938 2223 ant-e-

333 2252 550 2314 ponenda
575 2258 659 2298 est.
730 2253 894 2314 Atque
929 2252 977 2297 id
1013 2251 1218 2313 optimus
1244 2251 1439 2313 quisque
1465 2267 1513 2297 re
1540 2252 1640 2314 ipsa
1665 2251 1868 2298 ostendit
1893 2258 1940 2298 et

252 2329 303 2369 10
329 2327 525 2390 judicat.
598 2326 712 2382 Quis
737 2327 860 2372 enim
893 2332 964 2372 est
999 2332 1096 2372 tam
1121 2325 1321 2388 cupidus
1345 2326 1390 2371 in
1415 2327 1740 2388 perspicienda
1766 2343 1938 2390 cogno-

333 2402 599 2464 scendaque
634 2418 791 2448 rerum
825 2407 1007 2456 natura,
1034 2407 1101 2454 ut,
1130 2400 1167 2446 si
1191 2400 1231 2447 ei
1257 2401 1477 2447 tractanti
1511 2402 1941 2465 contemplantique

333 2493 406 2523 res
431 2477 693 2540 cognitione
714 2477 1008 2540 dignissimas
1029 2476 1183 2522 subito
1204 2475 1262 2521 sit
1281 2476 1476 2522 allatum
1503 2477 1763 2540 periculum
1782 2477 1940 2523 discri-

334 2568 537 2614 menque
573 2552 755 2614 patriae,
795 2552 870 2598 cui
905 2551 1151 2597 subvenire
1193 2551 1503 2614 opitularique
1539 2552 1701 2614 possit,
1738 2568 1832 2597 non
1865 2552 1940 2599 ilia

335 2626 491 2672 omnia
513 2627 745 2688 relinquat
770 2632 911 2688 atque
933 2625 1136 2688 abjiciat,
1158 2625 1298 2671 etiam
1325 2625 1361 2671 si
1387 2625 1682 2673 dinumerare
1707 2643 1757 2673 se
1782 2627 1940 2673 stellas

335 2707 417 2746 aut
435 2701 585 2746 metiri
603 2701 767 2746 mundi
785 2700 1160 2763 magnitudinem
1181 2715 1319 2762 posse
1338 2700 1626 2747 arbitretur?
1667 2701 1832 2764 Atque
1850 2702 1939 2748 hoc

253 2782 302 2821 11
335 2775 459 2821 idem
497 2775 545 2821 in
584 2775 804 2838 parentis,
834 2775 880 2820 in
919 2774 1054 2820 amici
1089 2790 1138 2820 re
1163 2779 1245 2819 aut
1279 2774 1487 2836 periculo
1511 2775 1688 2823 fecerit.
1760 2776 1938 2832 Quibus

335 2850 476 2897 rebus
523 2850 809 2913 intelligitur,
853 2849 1019 2894 studiis
1068 2848 1319 2911 officiisque
1367 2849 1572 2896 scientiae
1619 2850 1940 2913 praeponenda

337 2941 438 2971 esse
477 2925 625 2971 officia
660 2924 870 2987 justitiae,
901 2939 1011 2985 quae
1053 2923 1290 2985 pertinent
1316 2923 1376 2969 ad
1411 2924 1654 2970 hominum
1680 2924 1939 2980 caritatem,

336 3016 430 3062 qua
455 3000 567 3045 nihil
592 2999 766 3045 homini
791 3013 891 3044 csse
918 2998 1060 3044 debet
1085 2997 1332 3060 antiquiuS.
