2054 3470
269 238 326 279 58
834 273 836 275 ,
960 247 1020 276 1)ss
1049 247 1260 277 orricns

355 359 402 402 in
427 356 596 418 quibus
633 355 889 401 deliberare
927 354 1138 400 homines
1177 361 1224 401 et
1266 355 1529 401 consultare
1568 354 1628 400 de
1664 354 1813 401 officio
1849 353 1951 401 sole

353 436 484 486 rent;
520 447 628 484 uno,
649 446 757 476 cum
783 429 1067 483 dubitarent,
1089 429 1401 475 honestumne
1425 429 1473 475 id
1501 434 1640 484 esset,
1659 429 1718 475 de
1737 445 1832 492 quo
1856 445 1964 493 age-

352 512 494 560 retur,
515 522 573 551 an
598 512 764 567 turpe:
802 504 962 558 altem,
990 505 1165 551 utilene
1191 511 1328 559 esset,
1349 520 1409 550 an
1434 504 1622 550 inutile:
1660 494 1813 556 tertio,
1841 504 1879 550 si
1903 505 1964 558 id,

355 580 482 643 quod
509 580 716 643 speciem
750 580 948 625 haberet
982 579 1180 634 honesti,
1209 585 1444 643 pugnaret
1469 596 1576 625 cum
1603 595 1672 633 eo,
1700 579 1828 641 quod
1852 580 1967 626 utile

353 656 606 710 videretur,
634 671 727 717 quo
752 655 895 700 modo
919 670 974 700 ea
999 654 1198 701 discerni
1222 660 1460 716 oporteret
1482 670 1490 700 :
1530 654 1588 700 de
1616 653 1803 711 duobus
1826 669 1968 717 gene*

352 731 480 777 ribus
507 730 667 793 primis
694 730 844 776 tribus
882 729 1010 776 libris
1046 730 1321 792 explicavit:
1360 729 1420 775 de
1445 729 1584 776 tertio
1609 735 1769 775 autem
1796 744 1966 792 genere

353 805 576 868 deinceps
602 821 651 851 se
676 805 863 868 scripsit
888 804 1138 859 dicturum,
1166 821 1252 851 nec
1279 805 1490 859 exsolvit,
1518 804 1645 867 quod
1672 804 1963 867 promiserat.

298 886 325 927 9
354 880 493 936 Quod
514 896 569 926 eo
587 880 739 943 magis
755 880 911 934 miror,
928 879 1035 942 quia
1052 880 1280 942 scriptum
1297 896 1323 925 a
1344 879 1575 942 discipulo
1591 879 1694 942 ejus
1710 879 1965 926 Posidonio

352 960 439 1010 est,
465 955 659 1019 triginta
694 954 826 1000 annis
851 954 1020 1001 vixisse
1045 954 1322 1009 Panaetium,
1350 961 1660 1017 posteaquam
1694 954 1799 1000 illos
1823 954 1967 1000 libros

270 1035 327 1077 10
353 1030 591 1076 edidisset.
663 1030 816 1085 Quem
850 1029 1007 1075 locum
1042 1029 1186 1075 miror
1210 1045 1238 1075 a
1262 1029 1514 1076 Posidonio
1542 1029 1747 1076 breviter
1772 1045 1873 1075 esse
1897 1036 1968 1075 ta-

351 1110 482 1152 ctum
504 1104 549 1150 in
568 1104 851 1166 quibusdam
875 1104 1232 1159 commentariis,
1254 1104 1513 1167 praesertim
1533 1120 1639 1151 cum
1661 1104 1846 1158 scribat,
1866 1105 1968 1150 nul-

270 1185 291 1226 1
305 1185 326 1226 1
355 1180 455 1226 lum
481 1195 582 1226 esse
603 1179 759 1226 locum
778 1179 824 1225 in
843 1184 944 1225 tota
960 1179 1260 1243 philosophia
1280 1185 1377 1225 tam
1396 1180 1726 1226 necessarium.
1779 1179 1967 1225 Minime

351 1270 464 1301 vero
489 1254 718 1300 assentior
741 1254 808 1309 iis,
835 1253 914 1316 qui
938 1260 1128 1316 negant,
1157 1270 1266 1300 eum
1302 1254 1460 1301 locum
1485 1270 1512 1300 a
1535 1254 1749 1301 Panaetio
1775 1261 1966 1317 praeter-

351 1329 560 1384 missum,
580 1329 663 1375 sed
683 1329 896 1375 consulto
912 1329 1140 1384 relictum,
1163 1345 1248 1376 nec
1269 1329 1454 1375 omnino
1474 1329 1775 1376 scribendum
1794 1329 1937 1376 fuisse
1957 1345 1965 1376 :

273 1410 325 1452 12
353 1404 461 1468 quia
495 1420 734 1466 nunquam
770 1410 931 1467 posset
966 1404 1141 1450 utilitas
1169 1420 1277 1450 cum
1313 1405 1562 1451 honestate
1596 1420 1823 1468 pugnare.
1895 1405 1968 1450 De

353 1495 447 1542 quo
472 1479 677 1553 alterum.
700 1484 859 1542 potest
883 1479 1058 1525 habere
1084 1479 1440 1534 dubitationem,
1462 1480 1844 1526 adhibendumne
1868 1480 1967 1527 fue·

352 1556 412 1601 rit
453 1554 542 1600 hoc
582 1570 746 1617 genus,
791 1553 920 1616 quod
963 1553 1009 1599 in
1051 1553 1275 1601 divisione
1315 1554 1513 1601 Panaetii
1551 1554 1742 1601 tertium
1783 1560 1868 1610 est,
1910 1571 1967 1600 an

357 1630 495 1693 plane
522 1629 864 1675 omittendum:
903 1629 1105 1675 alterum
1129 1629 1335 1676 dubitari
1359 1646 1451 1676 non
1487 1635 1663 1693 potest,
1691 1629 1802 1692 quin
1825 1645 1853 1675 a
1876 1630 1967 1676 Pa-

275 1710 326 1751 13
354 1705 495 1750 naetio
521 1710 797 1767 susceptum
823 1704 894 1759 sit,
923 1704 1007 1750 sed
1031 1705 1261 1751 relictum.
1333 1705 1458 1751 Nam
1485 1705 1565 1768 qui
1589 1721 1614 1751 e
1640 1705 1864 1752 divisione
1888 1705 1967 1752 tri·

357 1780 531 1842 pertita
555 1779 674 1825 duas
701 1785 860 1842 partes
885 1779 1151 1834 absolverit,
1177 1780 1286 1826 huic
1324 1796 1516 1826 necesse
1555 1786 1627 1827 est
1664 1786 1843 1827 restare
1876 1786 1967 1827 ter-

355 1855 482 1900 tiam.
520 1854 759 1900 Praeterea
778 1854 823 1899 in
843 1860 1053 1900 extremo
1078 1855 1196 1901 libro
1212 1855 1349 1901 tertio
1369 1855 1428 1901 de
1452 1855 1541 1901 hac
1562 1861 1695 1918 parte
1722 1856 1968 1918 pollicetur

276 1933 328 1976 14
355 1945 404 1975 se
439 1929 660 1992 deinceps
698 1945 800 1974 esse
826 1929 1079 1976 dicturum.
1140 1929 1345 1976 Accedit
1371 1930 1538 1976 eodem
1574 1930 1706 1976 testis
1741 1931 1965 1993 locuples,

353 2003 647 2058 Posidonius,
673 2004 754 2066 qui
779 2004 920 2050 etiam
946 2004 1107 2050 scribit
1131 2004 1176 2050 in
1200 2005 1406 2066 quadam
1432 2005 1644 2068 epistola,
1662 2006 1716 2052 P.
1738 2006 1967 2052 Rutilium

355 2079 536 2125 Rufum
561 2078 716 2124 dicere
742 2079 906 2132 solere,
934 2079 1013 2141 qui
1038 2079 1300 2125 Panaetium
1326 2080 1552 2134 audierat,
1578 2086 1632 2126 ut
1655 2097 1793 2126 nemo
1819 2080 1967 2143 pictor

355 2160 480 2200 esset
504 2153 736 2207 inventus,
763 2154 843 2216 qui
872 2154 982 2200 Coae
1007 2154 1205 2200 Veneris
1241 2170 1343 2200 eam
1380 2161 1578 2217 partem,
1605 2171 1744 2215 quam
1770 2156 1967 2218 Apelles

354 2228 621 2274 inchoatam
655 2228 931 2289 reliquisset,
959 2229 1224 2275 absolveret
1252 2227 1363 2292 (oris
1389 2229 1508 2275 enim
1536 2229 1839 2292 pulchritudo
1863 2231 1965 2276 reli—

355 2303 434 2365 qui
459 2303 669 2364 corporis
708 2302 922 2348 imitandi
946 2319 1080 2365 spem
1104 2302 1371 2366 auferebat)
1399 2304 1462 2349 sic
1489 2319 1557 2358 ea,
1585 2319 1689 2366 quae
1727 2305 1966 2351 Panaetius

356 2377 728 2440 praetermisisset
752 2382 800 2422 et
824 2393 915 2422 non
941 2377 1227 2439 perfecisset,
1255 2384 1452 2440 propter
1476 2394 1655 2439 eorum,
1680 2395 1786 2441 quae
1813 2381 1958 2442 perfe-

360 2452 512 2507 cisset,
542 2452 864 2515 praestantiam
889 2452 1121 2498 neminem
1148 2469 1248 2498 esse
1274 2460 1588 2515 persecutum.

423 2602 515 2648 ΙΙΙ.
556 2601 709 2657 Quam
730 2602 791 2648 ob
816 2617 915 2647 rem
943 2601 1002 2647 de
1023 2601 1200 2664 judicio
1219 2602 1415 2648 Panaetii
1434 2601 1638 2649 dubitari
1663 2619 1753 2649 non
1780 2612 1961 2666 potest:

355 2682 541 2722 rectene
565 2682 725 2721 autem
748 2677 870 2722 hanc
895 2676 1079 2722 tertiam
1107 2682 1290 2738 partem
1315 2676 1375 2721 ad
1397 2677 1736 2738 exquirendum
1763 2679 1962 2725 officium

308 2756 330 2797 2
360 2750 643 2813 adjunxerit,
670 2766 729 2795 an
755 2766 903 2804 secus,
931 2750 991 2796 de
1027 2766 1082 2796 eo
1118 2750 1317 2796 fortasse
1342 2750 1573 2813 disputari
1598 2757 1767 2814 potest.
1838 2753 1963 2800 Nam

357 2826 452 2871 sive
478 2825 730 2870 honestum
755 2825 909 2870 solum
935 2825 1111 2871 bonum
1139 2830 1224 2879 est,
1245 2831 1299 2871 ut
1319 2825 1486 2872 Stoicis
1512 2826 1697 2888 placet:
1722 2827 1817 2873 sive
1836 2828 1960 2889 quod

356 2900 607 2946 honestum
642 2904 728 2952 est,
755 2898 803 2944 id
842 2899 907 2944 ita
945 2915 1183 2945 summum
1224 2900 1401 2946 bonum
1440 2906 1525 2954 est,
1564 2901 1962 2962 quemadmodum

357 2973 683 3036 Peripateticis
702 2973 870 3018 vestris
885 2973 1085 3027 videtur,
1103 2981 1157 3019 ut
1173 2974 1327 3020 omnia
1346 2989 1403 3019 ex
1419 2975 1567 3020 altera
1582 2980 1716 3038 parte
1736 2976 1960 3022 collocata

358 3047 432 3094 vix
467 3047 639 3094 minimi
677 3047 901 3094 momenti
939 3048 1087 3093 instar
1122 3049 1358 3094 habeant:
1396 3049 1710 3095 dubitandum
1744 3066 1839 3096 non
1874 3056 1957 3105 est,
