2054 3470
234 228 291 270 82
814 270 817 272 ,
930 239 992 268 DE
1020 239 1233 270 oFmons

263 350 290 392 4
317 346 570 394 Africanus
595 347 737 393 nihilo
762 346 1041 409 locupletior
1063 345 1357 410 Karthagine
1393 362 1568 393 eversa.
1639 346 1805 402 Quid?
1853 347 1928 410 qu}¹

316 421 419 483 ejus
458 422 642 485 collega
680 422 768 467 fuit
803 421 849 468 in
885 437 1095 477 censura,
1122 421 1173 468 L.
1201 421 1473 476 Mummius,
1509 421 1739 484 numquid
1775 422 1928 484 copio-

317 497 422 552 sior,
442 513 549 543 cum
570 496 940 558 copiosissimam
965 497 1131 543 urbem
1157 497 1369 543 funditus
1395 497 1697 543 sustulisset?
1744 497 1928 545 Italiam

317 587 495 626 ornare,
522 587 665 634 quam
690 571 885 617 domum
918 587 1066 626 suam,
1094 572 1270 619 maluit.
1344 572 1643 634 Quamquam
1682 571 1821 618 Italia
1858 587 1912 618 or

263 655 289 694 5
316 653 439 702 nata,
462 647 630 693 domus
654 647 757 709 ipsa
780 647 894 693 mihi
911 647 1095 693 videtur
1113 647 1330 694 ornatior.
1385 647 1584 693 Nullum
1608 646 1751 710 igitur
1767 646 1927 694 vitium

318 723 497 768 taetrius
522 728 594 769 est
632 720 706 786 (ut
730 738 801 777 eo,
828 723 955 769 unde
990 738 1180 786 egressa
1205 728 1290 777 est,
1318 722 1492 768 referat
1517 738 1566 768 se
1592 721 1762 782 oratio)
1789 737 1929 784 quam

316 797 521 852 avaritia,
550 797 813 860 praesertim
837 797 882 843 in
908 797 1196 860 principibus
1232 813 1331 843 rem
1367 797 1606 859 publicam
1630 796 1930 861 gubernanti·

262 877 287 917 6
316 873 418 919 buS.
490 872 680 919 Habere
707 873 828 918 enim
854 873 1057 934 quaestui
1081 888 1180 918 rem
1206 872 1445 934 publicam
1481 888 1576 917 non
1609 871 1753 918 modo
1793 878 1941 934 turpe

263 949 287 994 7
316 953 400 1002 est,
428 947 512 993 sed
537 947 819 993 sceleratum
846 947 987 992 etiam
1013 952 1060 992 et
1084 947 1329 993 nefarium.
1400 947 1569 1009 Itaque
1602 946 1730 1009 quod
1755 946 1930 1009 Apollo

315 1022 518 1085 Pythius
544 1022 786 1068 oraculum
823 1022 982 1076 edidit,
1012 1021 1234 1084 Spartam
1260 1021 1389 1067 nulla
1412 1037 1462 1067 re
1488 1021 1591 1075 alia,
1618 1021 1705 1067 nisi
1739 1021 1930 1067 avaritia

316 1113 418 1144 esse
460 1097 733 1160 perituram,
776 1097 824 1143 id
865 1096 1053 1143 videtur
1093 1112 1186 1143 non
1228 1097 1382 1143 solum
1422 1096 1806 1151 Lacedaemoniis,
1846 1097 1929 1143 sed

264 1179 289 1219 8
317 1172 458 1218 etiam
484 1172 701 1219 omnibus
735 1172 969 1234 opulentis
1005 1172 1193 1234 populis
1232 1172 1518 1234 praedixisse.
1589 1172 1734 1218 Nulla
1772 1177 1928 1217 autem

313 1263 364 1294 re
404 1247 648 1294 conciliare
689 1247 870 1293 facilius
907 1247 1268 1293 benivolentiam
1304 1246 1618 1293 multitudinis
1654 1252 1852 1309 possunt
1886 1247 1928 1301 ii,

316 1323 395 1385 qui
419 1323 484 1369 rei
509 1322 712 1385 publicae
737 1328 962 1385 praesunt,
985 1338 1127 1384 quam
1152 1321 1433 1368 abstinentia
1459 1327 1506 1367 et
1531 1321 1829 1369 continentia.

263 1404 289 1445 9
383 1397 474 1454 Qui
509 1413 620 1444 vero
662 1413 711 1443 se
754 1397 1006 1459 populares
1047 1397 1226 1451 volunt,
1271 1397 1332 1443 ob
1376 1412 1575 1459 eamque
1617 1411 1807 1442 causam
1849 1403 1930 1443 aut

315 1472 549 1537 agrariam
573 1488 673 1518 rem
698 1477 895 1526 tentant,
925 1478 977 1517 ut
1002 1487 1296 1534 possessores
1322 1471 1559 1534 pellantur
1594 1471 1691 1517 suis
1724 1472 1930 1526 sedibus

316 1554 399 1594 aut
424 1548 646 1611 pecunias
673 1547 874 1593 creditas
901 1546 1191 1595 debitoribus
1216 1546 1551 1593 condonandas
1576 1552 1777 1608 putant:
1804 1547 1930 1593 labe-

250 1670 252 1672 ,
317 1624 498 1670 factant
535 1623 843 1669 fundamenta
867 1622 930 1667 rei
968 1622 1172 1684 publicae
1193 1638 1203 1677 ;
1241 1622 1540 1668 concordiam
1580 1621 1799 1684 primum,
1826 1638 1930 1685 quae

316 1715 418 1746 esse
456 1715 550 1745 non
587 1704 758 1762 potest,
788 1715 895 1744 cum
931 1698 1030 1743 aliis
1068 1697 1351 1752 adimuntur,
1378 1698 1477 1743 aliis
1503 1697 1827 1744 condonantur
1851 1714 1930 1760 pe-

318 1774 488 1828 cuniae3
517 1773 686 1819 deinde
712 1773 996 1835 aequitatem,
1018 1788 1125 1834 quae
1150 1773 1328 1818 tollitur
1347 1773 1511 1828 omnis,
1533 1773 1570 1818 si
1593 1773 1769 1819 habere
1794 1790 1931 1819 suum

239 1855 291 1896 10
319 1849 484 1912 cuique
509 1865 603 1894 non
626 1848 746 1895 licet.
809 1848 867 1894 Id
893 1848 1014 1894 enim
1041 1853 1113 1893 est
1137 1848 1380 1911 proprium
1409 1847 1482 1912 (ut
1517 1864 1660 1911 supra
1685 1847 1797 1911 dixi)
1825 1848 1930 1894 civi-

320 1925 428 1971 tatis
453 1929 596 1986 atque
622 1923 764 1978 urbis,
785 1929 838 1969 ut
858 1924 894 1969 si
919 1923 1064 1970 libera
1083 1929 1130 1968 et
1154 1939 1246 1969 non
1271 1923 1468 1969 sollicita
1493 1939 1592 1969 suae
1616 1924 1681 1969 rei
1701 1923 1931 1986 cujusque

241 2005 287 2045 11
318 1999 545 2046 custodia.
618 1999 783 2061 Atque
820 1999 866 2044 in
903 1999 992 2044 hac
1032 1998 1233 2061 pernicie
1268 1998 1334 2044 rei
1370 1998 1574 2061 publicae
1598 2015 1655 2045 ne
1681 1999 1807 2044 illam
1833 1999 1930 2061 qui-

240 2082 292 2121 12
322 2075 430 2121 dem
473 2079 841 2136 consequuntur,
879 2090 1023 2136 quam
1065 2078 1249 2135 putant,
1293 2073 1509 2137 gratiam.
1580 2074 1706 2119 Nam
1745 2073 1820 2119 cui
1858 2089 1930 2119 res

319 2155 482 2212 erepta
516 2155 602 2204 est,
640 2154 713 2195 est
749 2148 988 2194 inimicus:
1027 2148 1101 2194 cui
1139 2149 1250 2194 data
1287 2155 1373 2202 est,
1402 2148 1542 2194 etiam
1579 2148 1855 2202 dissimulat,
1882 2164 1931 2195 se

319 2224 532 2286 accipere
574 2223 803 2270 voluisse:
842 2229 889 2269 et
927 2223 1128 2268 maxime
1165 2223 1212 2269 in
1250 2224 1457 2286 pecuniis
1497 2224 1683 2269 creditis
1725 2224 1931 2269 occultat

239 2305 291 2345 13
320 2316 457 2345 suum
493 2298 736 2361 gaudium,
773 2314 831 2344 ne
856 2298 1071 2343 videatur
1105 2314 1198 2343 non
1236 2297 1379 2344 fuisse
1418 2298 1657 2344 solvendo.
1727 2299 1797 2343 At
1821 2314 1930 2344 vero

317 2374 406 2428 ille,
435 2373 513 2436 qui
539 2373 722 2435 accepit
753 2372 984 2435 injuriam,
1011 2378 1059 2418 et
1082 2372 1306 2427 meminit,
1334 2378 1382 2418 et
1407 2388 1507 2435 prae
1531 2388 1578 2418 se
1605 2374 1696 2418 fert
1721 2373 1930 2419 dolorem

319 2464 483 2495 suum:
522 2464 621 2502 nec,
666 2447 703 2493 si
745 2448 906 2510 plures
948 2453 1056 2493 sunt
1096 2447 1138 2502 ii,
1182 2447 1351 2509 quibus
1393 2447 1606 2509 improbe
1643 2447 1807 2493 datum
1842 2453 1928 2502 est,

321 2540 462 2586 quam
500 2523 579 2577 illi,
608 2523 778 2585 quibus
816 2522 988 2586 injuste
1024 2522 1300 2584 ademptum
1326 2527 1411 2576 est,
1438 2522 1609 2568 idcirco
1646 2522 1753 2584 plus
1790 2523 1929 2569 etia-m

322 2599 488 2644 valent.
560 2598 670 2644 Non
711 2597 834 2643 enim
874 2613 1072 2643 numero
1112 2597 1215 2643 haec
1254 2596 1542 2660 judicantur,
1581 2597 1665 2643 sed
1706 2597 1927 2659 pondere.

244 2681 292 2722 14
321 2676 473 2731 Quam
510 2679 669 2719 autem
709 2673 857 2720 habet
896 2673 1184 2735 aequitatem,
1210 2678 1263 2718 ut
1287 2688 1456 2735 agrum
1490 2672 1650 2718 multis
1675 2672 1820 2726 annis,
1847 2678 1929 2718 aut

321 2749 462 2796 etiam
498 2747 695 2801 saeculis‚
723 2753 832 2794 ante
870 2763 1156 2810 possessum,
1183 2746 1264 2808 qui
1298 2747 1480 2792 nullum
1515 2746 1695 2801 habuit,
1721 2747 1926 2792 habeat:

321 2824 401 2887 qui
423 2829 584 2869 autem
608 2822 787 2876 habuit,
814 2822 1036 2868 amittat?
1094 2821 1280 2867 XXIII.
1315 2822 1391 2868 Ac
1417 2828 1613 2885 propter
1636 2822 1725 2867 hoc
1748 2821 1929 2884 injuriae

319 2914 469 2963 genus
494 2896 840 2944 Lacedaemonii
863 2895 1162 2959 Lysandrum
1188 2896 1419 2957 ephorum
1453 2896 1762 2958 expulerunt;
1798 2895 1926 2959 Agin

322 2989 495 3037 regem,
517 2970 645 3034 quod
669 2987 910 3032 nunquam
935 2977 1072 3016 antea
1096 2970 1225 3033 apud
1251 2986 1331 3017 eos
1355 2970 1604 3024 acciderat,
1627 2974 1925 3016 necaverunt.

268 3053 294 3095 2
323 3046 484 3111 Exque
523 3061 578 3092 eo
616 3050 829 3107 tempore
866 3050 1011 3091 tantae
1047 3045 1293 3091 discordiae
1328 3050 1505 3091 secutae
1541 3050 1662 3096 sunt,
1691 3048 1816 3089 utet
1850 3049 1923 3106 ty-
