2054 3470
667 260 807 291 mmm
832 261 881 291 11.
954 260 1062 291 CAP.
1090 260 1135 291 v.
1686 248 1740 292 61

54 381 101 417 et
135 371 214 434 qui
249 370 480 433 principes
514 368 776 417 inveniendi
809 368 1014 422 fuerunt,
1042 383 1182 430 quem
1219 383 1279 413 ex
1311 383 1496 429 quaque
1522 367 1662 414 belua

56 462 192 491 usum
216 446 391 491 habere
416 460 675 507 possemus,
696 443 907 491 homines
927 449 1052 489 certe
1076 443 1292 488 fuerunt:
1319 458 1405 488 nec
1429 443 1518 488 hoc
1543 447 1661 487 tem-

55 537 166 584 pore
202 520 298 566 sine
333 520 574 566 hominum
610 534 754 581 opera
778 525 860 564 aut
896 530 1089 581 pascere
1122 533 1216 572 eaS,
1243 523 1326 563 aut
1350 517 1555 570 domare,
1582 522 1663 561 aut

55 594 185 650 tueri,
207 602 288 641 aut
306 594 610 657 tempestivos
635 594 816 640 fructus
837 609 895 639 ex
918 593 990 638 his
1009 608 1177 655 capere
1197 607 1443 655 possemus
1461 606 1470 637 :
1497 592 1557 638 ab
1578 591 1661 637 eis-

55 670 256 732 demque
293 676 341 715 et
376 685 456 723 eas,
484 685 592 731 quae
629 674 814 723 nocent,
841 667 1192 722 interficiuntur,
1219 673 1267 713 et
1291 682 1399 730 quae
1424 666 1528 712 usui
1553 682 1660 729 pos-

53 750 162 790 sunt
187 760 301 798 esse,
329 743 589 806 capiuntur.
661 743 785 798 Quid
812 758 1080 789 enumerem
1105 742 1276 788 artium
1299 741 1660 796 multitudinem,
1689 747 1715 786 6

53 819 150 865 sine
174 819 343 881 quibus
378 819 473 864 vita
508 818 694 864 omnino
735 819 865 864 nulla
900 833 1002 863 esse
1038 817 1309 881 potuisset?
1381 816 1506 872 Quid
1542 816 1664 862 enim

53 894 190 957 aegris
226 893 510 948 subveniret,
537 910 644 956 quae
680 899 804 939 esset
836 893 1088 940 oblectatio
1112 892 1382 947 valentium,
1411 891 1490 955 qui
1513 891 1664 937 victus

53 975 135 1015 aut
169 969 338 1023 cultus,
364 969 449 1015 nisi
484 976 583 1015 tam
616 969 782 1016 multae
819 968 952 1015 nobis
984 974 1109 1014 artes
1141 968 1466 1023 ministrarent,
1493 967 1663 1030 quibus

52 1045 193 1090 rebus
217 1044 404 1090 exculta
428 1044 670 1090 hominum
690 1044 785 1089 vita
808 1050 994 1089 tantum
1013 1043 1156 1089 distat
1174 1059 1201 1089 a
1220 1043 1348 1090 victu
1366 1049 1413 1089 et
1433 1043 1563 1090 cultu
1581 1043 1660 1090 be-

53 1119 283 1165 stiarum?
353 1119 509 1166 Urbes
534 1134 645 1165 vero
683 1119 780 1165 sine
819 1119 1063 1164 hominum
1102 1125 1233 1165 coetu
1269 1135 1362 1165 non
1399 1118 1662 1181 potuissent
1693 1117 1715 1164 7

52 1210 137 1241 nec
172 1193 407 1247 aedificari,
434 1209 519 1239 nec
555 1193 870 1255 frequentari:
909 1209 966 1239 ex
991 1210 1085 1256 quo
1116 1193 1246 1257 leges
1282 1210 1529 1256 moresque
1555 1210 1662 1240 con-

52 1269 214 1324 stituti,
239 1274 342 1314 tum
363 1268 480 1331 juris
506 1284 642 1331 aequa
667 1268 918 1331 descriptio
943 1276 1165 1331 certaque
1189 1269 1374 1315 vivendi
1400 1268 1658 1331 disciplina.

53 1345 180 1400 Quas
210 1360 284 1390 res
317 1350 365 1390 et
398 1343 712 1390 mansuetudo
747 1344 1007 1390 animorum
1037 1351 1288 1390 consecuta
1312 1350 1360 1390 et
1382 1343 1663 1390 verecundia
1692 1349 1715 1389 8

52 1426 153 1466 est:
191 1419 518 1481 effectumque,
545 1425 599 1465 ut
634 1424 761 1465 esset
794 1419 888 1464 vita
922 1418 1157 1473 munitior,
1183 1426 1326 1481 atque
1357 1418 1591 1464 ut'dando
1617 1424 1664 1464 et

52 1494 323 1557 accipiendo
342 1493 675 1556 mutandisque
695 1493 998 1540 facultatibus
1019 1500 1065 1540 et
1085 1493 1438 1540 commodandis
1462 1494 1590 1539 nulla
1612 1509 1662 1539 re

52 1586 311 1634 egeremus

117 1720 177 1766 V.
215 1719 471 1782 Longiores
507 1719 596 1766 hoc
633 1719 736 1766 loco
772 1737 948 1774 sumus,
987 1736 1128 1782 quam
1164 1735 1355 1767 necesse
1390 1725 1476 1766 est.
1548 1719 1662 1776 Quis

53 1801 124 1841 est
159 1795 294 1850 enim,
322 1794 395 1840 cui
429 1811 523 1840 non
558 1795 807 1857 perspicua
841 1795 932 1841 sint
965 1795 1057 1850 illa,
1084 1812 1192 1858 quae
1221 1795 1433 1858 pluribus
1458 1795 1610 1842 verbis
1635 1810 1663 1840 a

53 1869 261 1915 Panaetio
296 1876 736 1924 commemorantur,
765 1870 997 1917 neminem
1030 1887 1182 1933 neque
1219 1871 1390 1917 ducem
1425 1870 1536 1917 belli
1576 1887 1661 1917 nec

53 1945 310 2008 principem
336 1944 463 1990 domi
497 1960 694 2007 magnas
729 1961 804 1991 res
842 1952 889 1992 et
922 1946 1149 1992 salutares
1176 1946 1272 1991 sine
1296 1945 1537 1991 hominum
1564 1951 1660 1992 stu-

53 2020 138 2066 diis
173 2035 335 2083 gerere
370 2019 618 2081 potuisse‘?
690 2020 1100 2066 Commemoratur
1131 2021 1191 2067 ab
1223 2036 1279 2066 eo
1308 2020 1660 2076 ThemistocleS‚
1689 2027 1714 2067 9.

56 2095 272 2148 Pericles,
295 2094 463 2157 Cyrus,
489 2093 758 2156 Agesilaus,
780 2095 1070 2150 Alexander,
1093 2111 1210 2157 quos
1234 2101 1378 2160 negat
1403 2096 1501 2141 sine
1526 2095 1660 2158 adju-

53 2169 220 2215 mentis
258 2168 501 2214 hominum
539 2175 694 2215 tantas
729 2185 804 2215 res
842 2170 1024 2216 efficere
1060 2165 1285 2233 potuisse.
1356 2171 1519 2217 Utitur
1542 2170 1587 2216 in
1611 2186 1660 2217 re

53 2261 146 2290 non
171 2244 313 2290 dubia
337 2243 535 2290 testibus
560 2259 653 2289 non
676 2245 961 2292 necessariis,

119 2319 281 2382 Atque
315 2324 370 2365 ut
403 2334 599 2382 magnas
633 2319 859 2365 utilitates
885 2319 1185 2382 adipiscimur
1210 2320 1552 2383 conspiratione
1577 2321 1658 2367 ho·
1688 2327 1712 2367 3

54 2393 231 2439 minum
255 2399 397 2456 atque
416 2409 675 2440 consensu:
714 2394 778 2441 sic
803 2395 932 2441 nulla
956 2401 1055 2441 tam
1079 2395 1370 2442 detestabilis
1403 2395 1547 2459 pestis
1573 2402 1658 2450 est,

55 2485 162 2532 quae
200 2485 293 2515 non
324 2467 499 2515 homini
521 2469 581 2515 ab
606 2469 793 2515 homine
817 2476 1051 2518 nascatur.
1122 2471 1210 2517 Est
1244 2471 1510 2518 Dicaearchi
1544 2471 1661 2517 liber
1686 2475 1710 2517 4

56 2543 115 2589 de
138 2543 328 2590 interitu
349 2543 608 2599 hominum,
634 2543 935 2607 Peripatetici
957 2545 1116 2609 magni
1141 2551 1188 2592 et
1212 2546 1386 2609 copiosi
1406 2561 1417 2592 1
1459 2545 1539 2609 qui
1564 2547 1657 2593 col-

55 2617 186 2666 lectis
222 2618 385 2664 ceteris
424 2618 590 2674 causis,
630 2619 868 2675 eluvionis,
907 2620 1472 2682 pestilentiae‚·vastitatis,
1500 2622 1659 2668 belua-

57 2709 159 2740 rum
173 2693 312 2738 etiam
330 2693 587 2756 repentinae
606 2694 931 2750 multitudinis,
948 2711 1146 2757 quarum
1169 2695 1351 2758 impetu
1370 2696 1509 2742 docet
1529 2713 1658 2759 quae-

57 2767 168 2814 dam
204 2767 444 2814 hominum
479 2784 653 2831 genera
689 2785 791 2815 esse
832 2777 1141 2833 consumpta;
1189 2771 1358 2817 deinde
1400 2777 1656 2834 comparat,

57 2848 232 2906 quanto
270 2842 426 2905 plures
459 2842 602 2889 deleti
638 2844 730 2890 sint
764 2845 976 2891 homines
1000 2846 1241 2891 hominum
1266 2846 1460 2907 impetu,
1489 2847 1536 2891 id
1572 2852 1656 2900 est,

62 2917 188 2966 cellis
213 2923 296 2964 aut
320 2917 634 2972 seditionibUS,
663 2934 804 2981 quam
828 2920 952 2966 omni
976 2921 1153 2983 reliqua
1179 2921 1456 2967 calamitate.

125 3059 247 3105 Cum
283 3058 426 3122 igitur
462 3058 536 3104 hic
574 3058 705 3104 locus
741 3059 852 3106 nihil
891 3060 1065 3107 habeat
1089 3061 1405 3114 dubitationis,
1433 3060 1544 3122 quin
1575 3060 1654 3106 ho-
1683 3066 1706 3108 ὅ
