2054 3470
647 242 783 270 maran
809 241 837 270 1.
911 241 1019 270 crxi’.
1047 241 1213 269 xxxiii.
1708 227 1766 266 43

79 351 319 413 quoddam
359 349 624 396 institutum
664 353 1040 410 consequantur:
1084 345 1376 407 maximeque
1413 345 1459 390 in
1494 361 1549 391 eo
1586 343 1681 406 ple-

78 441 274 488 rumque
300 425 544 471 elaborant
567 424 610 478 ii,
637 423 717 486 qui
742 438 915 486 magna
939 422 1025 468 sibi
1049 427 1333 485 proponunt,
1362 418 1572 466 obscuris
1597 418 1685 465 orti

78 500 347 563 majoribus.
417 498 534 545 Haec
570 498 712 561 igitur
740 497 908 551 omnia,
936 513 1043 543 cum
1069 496 1336 558 quaerimus,
1363 494 1476 556 quid
1502 493 1681 547 doceat,
1714 493 1735 539 7

79 575 327 638 complecti
351 573 503 619 animo
527 580 575 619 et
600 573 880 637 cogitatione
905 572 1147 618 debemus.

144 649 200 696 In
234 649 392 712 primis
428 655 589 696 autem
626 647 1008 694 constituendum
1044 652 1129 702 est,
1167 662 1285 708 quos
1322 661 1405 691 nos
1441 651 1488 690 et
1523 644 1684 706 quales
1712 649 1737 690 8

78 741 178 771 esse
213 724 422 779 velimus,
462 730 508 770 et
548 723 594 770 in
629 739 722 786 quo
763 738 934 785 genere
970 722 1109 767 vitae:
1160 737 1267 783 quae
1302 720 1575 766 deliberatio
1614 724 1686 764 est

78 799 284 846 omnium
327 799 609 845 difficillima.
681 798 881 844 Ineunte
923 797 1045 843 enim
1087 794 1415 849 adolescentia,
1461 810 1569 840 cum
1610 802 1685 839 est
1713 799 1738 839 9

77 874 277 921 maxima
310 873 601 920 imbecillitas
637 872 826 926 consilii,
854 878 955 918 tum
981 872 1028 917 id
1054 871 1140 917 sibi
1165 870 1362 933 quisque
1397 885 1547 932 genus
1573 873 1683 913 aeta-

79 949 133 995 tis
159 949 390 1013 degendae
415 948 667 1002 constituit,
689 947 818 1010 quod
843 947 1044 993 maxime
1069 945 1321 992 adamavit.
1382 945 1553 1006 Itaque
1577 949 1686 988 ante

78 1025 342 1087 implicatur
378 1024 533 1086 aliquo
574 1030 702 1069 certo
741 1037 914 1086 genere
951 1037 1185 1083 cursuque
1209 1020 1407 1074 vivendi,
1435 1035 1577 1081 quam
1602 1034 1683 1081 po-

80 1100 178 1152 tuit,
206 1099 333 1160 quod
370 1099 601 1160 optimum
637 1104 774 1152 esset,
808 1097 1034 1160 judicare.
1105 1097 1231 1142 Nam
1264 1091 1392 1157 quod
1428 1093 1683 1140 Herculem
1713 1098 1768 1138 10

80 1174 344 1220 Prodicium
377 1174 542 1219 dicunt
569 1171 642 1236 (ut
667 1178 739 1218 est
763 1172 893 1235 apud
926 1168 1312 1234 Xenophontem)
1340 1185 1448 1215 cum
1483 1168 1685 1232 primum

78 1250 355 1311 pubesceret
399 1246 548 1311 (quod
590 1254 777 1309 tempus
819 1262 846 1292 a
881 1252 1049 1292 natura
1084 1245 1146 1291 ad
1188 1245 1505 1308 deligendum,
1543 1259 1684 1306 quam

78 1324 272 1386 quisque
309 1324 430 1369 viam
462 1322 648 1369 vivendi
683 1322 742 1368 sit
777 1321 1088 1385 ingressurus,
1127 1320 1291 1366 datum
1327 1318 1418 1384 est)
1456 1319 1605 1366 exisse
1640 1319 1685 1364 in

77 1399 387 1453 solitudinem,
415 1403 558 1460 atque
600 1397 663 1444 ibi
699 1397 941 1443 sedentem
970 1391 1051 1442 dsu
1083 1412 1244 1441 secum
1278 1395 1575 1457 multumque
1601 1394 1685 1440 du-

81 1475 265 1529 bitasse,
294 1491 402 1520 cum
441 1473 558 1519 duas
599 1478 810 1518 cerneret
848 1472 959 1526 viaS,
998 1487 1141 1516 unam
1174 1470 1464 1533 Voluptatis,
1492 1470 1688 1515 alteram

84 1549 290 1604 Virtutis,
317 1556 471 1594 utram
495 1547 675 1611 ingredi
700 1547 866 1593 melius
892 1553 1015 1592 essct
1036 1562 1046 1601 ;
1083 1546 1172 1592 hoc
1199 1545 1405 1598 Herculi,
1426 1545 1455 1592 J
1459 1545 1555 1591 ovis
1581 1551 1686 1591 satu
1715 1550 1766 1591 11

81 1625 216 1679 edito,
256 1624 410 1687 potuit
447 1624 644 1669 fortasse
684 1623 982 1685 contingere:
1024 1621 1158 1667 nobis
1193 1637 1285 1667 non
1320 1621 1446 1675 item,
1474 1620 1553 1683 qui
1587 1620 1685 1666 imi-

81 1707 246 1754 tamur,
276 1715 394 1761 quos
431 1698 598 1760 cuique
624 1698 774 1743 visum
801 1704 884 1751 est,
913 1703 1055 1759 atque
1091 1696 1150 1742 ad
1187 1712 1350 1742 eorum
1380 1696 1536 1742 studia
1560 1695 1683 1741 insti-

82 1782 274 1838 tutaque
297 1774 605 1837 impellimur;
642 1773 919 1836 plerumque
944 1779 1118 1826 autem,
1146 1777 1395 1835 parentum
1434 1771 1684 1833 praeceptis
1720 1776 1770 1816 12

80 1850 258 1904 imbuti,
277 1850 339 1896 ad
363 1865 525 1895 eorum
545 1848 932 1895 consuetudinem
952 1863 1225 1910 moremque
1246 1846 1535 1893 deducimur.
1590 1847 1684 1891 Alii

79 1924 388 1971 multitudinis
419 1924 596 1987 judicio
631 1914 858 1977 feruntur,
886 1939 1088 1985 quaeque
1112 1922 1278 1985 majori
1314 1922 1436 1985 parti
1468 1921 1683 1984 pulcher-

79 2001 194 2046 rima
217 2000 448 2053 videntur,
476 2014 530 2044 ea
554 1998 756 2043 maxime
782 2003 963 2059 optant.
1034 1997 1260 2043 Nonnulli
1284 2003 1441 2042 tamen
1466 1996 1561 2042 sive
1586 1996 1682 2042 feli·
1719 2002 1768 2040 1³

79 2076 218 2121 citate
254 2073 473 2136 quadam,
513 2073 610 2119 sive
650 2072 860 2119 bonitate
902 2077 1096 2127 naturae,
1134 2071 1230 2117 sive
1266 2078 1515 2134 parentum
1551 2071 1682 2116 disci-

79 2151 218 2213 plina,
244 2154 421 2195 rectam
446 2148 555 2194 vita)
588 2147 737 2194 secuti
761 2152 870 2192 sunt
894 2146 1030 2193 viam.
1100 2147 1333 2195 XXXIII.
1373 2145 1498 2195 Illud
1524 2152 1682 2192 autem

79 2225 274 2270 maxime
290 2239 450 2269 rarum
466 2238 613 2286 genus
627 2228 698 2268 est
713 2237 889 2276 eorum,
905 2221 984 2284 qui
999 2227 1081 2267 aut
1097 2221 1352 2270 excellente
1368 2221 1536 2284 ingenii
1555 2237 1681 2284 mag<

78 2299 300 2354 nitudine,
322 2304 403 2344 aut
428 2297 655 2361 praeclara
679 2296 939 2343 eruditione
964 2302 1108 2358 atque
1134 2296 1358 2350 doctrina,
1382 2306 1464 2342 aut
1484 2305 1682 2358 utraque

79 2390 127 2420 re
165 2373 327 2428 ornati,
367 2372 572 2436 spatium
609 2372 750 2418 etiam
788 2371 1078 2418 deliberandi
1118 2372 1399 2426 habuerunt,
1427 2388 1566 2433 quem
1603 2388 1681 2433 po-

81 2450 308 2496 tissimum
330 2448 439 2494 vitae
464 2463 653 2494 cursum
686 2446 818 2510 sequi
842 2447 1040 2493 vellent:
1077 2446 1124 2493 in
1149 2462 1242 2509 qua
1267 2446 1597 2492 deliberatione
1623 2446 1681 2490 ad
1710 2451 1734 2491 2

79 2540 211 2570 suam
254 2523 482 2586 cujusque
520 2528 736 2572 naturam
778 2522 1020 2569 consilium
1062 2527 1136 2567 est
1176 2537 1313 2582 omne
1350 2521 1679 2567 revocandum.

79 2600 205 2645 Nam
252 2615 359 2645 cum
404 2598 451 2643 in
491 2596 721 2651 omnibus,
765 2612 873 2659 quae
918 2602 1139 2660 aguntur,
1184 2612 1241 2641 ex
1288 2613 1356 2650 eo,
1400 2612 1493 2658 quo
1541 2595 1682 2641 modo
1709 2602 1734 2638 3

79 2674 274 2736 quisque
307 2678 445 2718 natus
482 2677 553 2717 est
588 2670 661 2736 (ut
685 2687 830 2734 supra
855 2671 1034 2717 dictum
1060 2669 1151 2735 est)
1178 2671 1292 2733 quid
1318 2672 1496 2724 deceat,
1524 2670 1680 2732 exqui-

79 2749 221 2794 rimus
242 2763 252 2802 ;
287 2752 390 2792 tum
425 2746 472 2792 in
507 2752 608 2792 tota
632 2746 728 2792 vita
752 2746 1094 2800 constituenda,
1122 2746 1272 2792 multo
1298 2752 1370 2791 est
1396 2762 1508 2791 cura
1532 2745 1682 2807 major

79 2821 360 2876 adhibenda,
395 2826 449 2866 ut
490 2826 703 2866 constare
737 2820 784 2867 in
816 2820 926 2867 vitae
967 2821 1283 2883 perpetuitate
1325 2821 1558 2883 possimus
1600 2835 1678 2864 no-

80 2897 248 2943 bismet
281 2896 408 2958 ipsis,
432 2911 518 2940 nec
550 2895 595 2940 in
619 2895 715 2941 ullo
741 2895 890 2942 officio
916 2895 1193 2942 claudicare.
1265 2896 1346 2941 Ad
1373 2896 1492 2940 hanc
1519 2901 1677 2939 autem
1706 2902 1728 2938 11

81 2971 304 3018 rationem
336 2969 553 3033 quoniam
588 2969 842 3016 maximam
866 2969 959 3016 vim
983 2975 1152 3015 natura
1176 2970 1333 3023 habet,
1361 2970 1547 3015 fortuna
1573 2985 1677 3030 pro—

84 3043 276 3101 ximam3
311 3045 554 3107 utriusque
579 3043 764 3090 omnino
787 3044 1005 3092 habenda
1026 3044 1142 3090 ratio
1162 3051 1231 3089 est
1257 3044 1299 3090 in
1327 3043 1575 3105 deligendo
1600 3057 1677 3105 gc-

566 3114 588 3149 3
