2054 3470
658 238 796 267 meisa
823 238 852 267 1.
924 236 1033 269 CAP.
1063 240 1213 270 xxvii.
1723 231 1778 272 35

87 361 167 391 nos
212 360 435 407 geramus
484 345 788 391 summissius.
870 346 1113 392 Panaetius
1161 347 1351 409 quidem
1399 349 1693 404 Africanum,
1722 356 1749 396 5

84 419 343 465 auditorem
368 425 416 466 et
439 419 713 466 familiarem
749 437 902 475 suum,
931 420 1121 467 solitum
1156 422 1222 468 ait
1257 422 1426 477 dicere,
1452 429 1505 468 ut
1534 439 1694 485 equOS‚

83 500 277 557 propter
295 495 481 541 crebras
497 495 817 541 contentiones
837 496 1112 558 proeliorum
1131 496 1374 543 ferocitate
1391 497 1693 553 exsultantes,

82 569 390 616 domitoribus
428 569 615 616 tradere
651 570 846 625 soleant,
874 577 927 616 ut
951 571 1023 617 his
1058 571 1342 618 facilioribus
1379 573 1560 636 possint
1594 573 1663 619 uti

82 643 146 690 sic
186 644 397 691 homines
439 645 659 691 secundis
700 646 843 692 rebus
884 646 1133 692 effrenatos
1175 647 1356 709 sibique
1392 647 1695 710 praefidentes

84 725 323 781 tamquam
357 720 404 765 in
441 736 615 783 gyrum
652 720 842 767 rationis
881 727 929 768 et
967 721 1194 768 doctrinae
1232 721 1341 768 duci
1376 728 1608 785 oportere,
1642 729 1696 769 ut

83 794 398 857 perspicerent
422 810 579 841 rerum
603 795 916 842 humanarum
941 796 1310 843 imbecillitatem
1330 798 1695 860 varietatemque

82 868 297 916 fortunae.
367 870 532 932 Atque
568 870 709 916 etiam
749 871 795 916 in
830 871 1177 918 secundissimis
1211 873 1352 918 rebus
1388 872 1589 918 maxime
1624 878 1696 919 est
1722 878 1748 919 6

80 944 309 990 utendum
335 945 524 990 consilio
549 945 820 1001 amicorum,
845 946 1013 1009 hisque
1045 947 1198 1010 major
1221 947 1377 1002 etiam,
1403 963 1545 1010 quam
1570 954 1692 1002 ante,

83 1019 329 1066 tribuenda
354 1020 621 1067 auctoritas,
691 1021 962 1084 Iisdemque
988 1021 1281 1085 temporibus
1316 1023 1580 1069 cavendum
1606 1029 1691 1077 est,
1723 1022 1748 1069 7

81 1110 138 1140 ne
161 1095 530 1141 assentatoribus
555 1095 896 1157 patefaciamus
920 1112 1071 1151 aures,
1097 1113 1215 1143 neve
1251 1097 1432 1144 adulari
1466 1114 1551 1145 nos
1576 1097 1693 1144 sina-

82 1185 185 1214 mus
207 1183 216 1214 :
253 1169 300 1214 in
324 1185 417 1231 quo
440 1169 539 1215 falli
563 1170 698 1216 facile
724 1177 809 1218 est.
880 1171 1017 1217 Tales
1053 1171 1178 1217 enim
1211 1188 1297 1218 nos
1327 1188 1429 1218 esse
1455 1179 1693 1235 putamus,

82 1250 134 1289 ut
153 1243 260 1306 jure
284 1243 549 1291 laudemur.
609 1245 682 1290 Ex
707 1261 801 1307 quo
821 1252 1080 1292 nascuntur
1105 1246 1459 1293 innumerabilia
1484 1253 1695 1311 peccata,

82 1335 190 1365 cum
234 1318 446 1364 homines
489 1319 638 1366 inflati
679 1320 972 1382 opinionibus
1016 1321 1218 1383 turpiter
1256 1321 1520 1376 irridentur,
1564 1328 1612 1368 et
1651 1323 1697 1368 in

81 1393 293 1439 maximis
318 1400 566 1440 versantur
591 1395 842 1442 erroribus.

149 1543 245 1590 Sed
286 1544 393 1590 haec
436 1545 624 1606 quidem
665 1546 906 1593 hactenus
978 1546 1105 1593 Illud
1146 1554 1304 1593 autem
1349 1548 1413 1594 sic
1457 1553 1528 1594 est
1570 1547 1695 1610 judi·
1723 1554 1749 1595 8

83 1619 300 1674 candum,
326 1620 555 1666 maximas
592 1621 693 1685 geri
726 1638 800 1667 res
836 1628 884 1668 et
918 1622 1110 1668 maximi
1144 1622 1284 1668 animi
1318 1624 1379 1669 ab
1414 1622 1482 1678 iis,
1508 1623 1585 1686 qui
1623 1639 1696 1669 res

84 1695 294 1757 publicas
325 1700 507 1759 regant,
535 1696 664 1758 quod
700 1712 861 1743 earum
896 1697 1238 1743 administratio
1275 1698 1498 1744 latissime
1536 1703 1698 1761 pateat

83 1770 142 1816 ad
168 1770 488 1834 plurimosque
514 1771 757 1834 pertineat.
816 1771 933 1817 Esse
960 1779 1119 1818 autem
1143 1773 1302 1836 magni
1325 1773 1464 1819 animi
1483 1778 1530 1819 et
1553 1772 1696 1819 fuisse
1723 1778 1749 1820 9

84 1846 255 1892 multos
281 1846 421 1892 etiam
445 1845 492 1892 in
514 1846 611 1892 vita
643 1846 805 1901 otiosa,
833 1847 914 1908 qui
948 1853 1031 1893 aut
1065 1847 1402 1911 investigarent
1439 1853 1522 1894 aut
1559 1864 1696 1894 cona-

84 1927 244 1966 rentur
277 1937 451 1985 magna
486 1921 724 1983 quaedam,
752 1937 948 1983 seseque
986 1938 1175 1967 suarum
1214 1939 1370 1968 rerum
1395 1923 1564 1969 finibus
1589 1939 1695 1969 con-

85 1995 311 2050 tinerent;
348 2002 430 2041 aut
453 1995 687 2058 interjecti
710 1995 829 2041 inter
854 1996 1162 2058 philosophos
1188 2004 1236 2043 et
1261 2013 1354 2051 θος,
1384 1997 1464 2060 qui
1487 2013 1587 2044 rem
1610 2014 1697 2061 pu-

86 2070 254 2115 blicam
294 2069 685 2124 administrarent,
729 2069 1077 2116 delectarentur
1117 2087 1167 2117 re
1209 2088 1294 2118 sua
1335 2072 1562 2127 familiari,
1604 2089 1698 2118 non

85 2160 190 2190 eam
225 2145 415 2207 quidem
452 2145 578 2192 omni
611 2145 791 2191 ratione
827 2144 1185 2209 exaggerantes,
1212 2158 1364 2209 neque
1395 2147 1698 2194 excludentes

85 2220 144 2265 ab
187 2220 288 2283 ejus
328 2236 419 2266 usu
458 2236 582 2274 suos,
621 2220 872 2283 potiusque
914 2227 962 2267 et
996 2221 1156 2268 amicis
1196 2221 1518 2285 impertientes
1553 2227 1600 2269 et
1633 2223 1699 2270 rei

86 2296 303 2358 publicae,
342 2295 380 2342 si
414 2295 605 2358 quando
641 2312 756 2342 usus
795 2302 933 2343 esset.
1005 2297 1125 2352 Quae
1163 2297 1368 2359 primum
1405 2298 1524 2344 bene
1562 2304 1698 2361 parta
1727 2302 1784 2346 10

85 2371 156 2424 sit,
199 2371 328 2417 nullo
367 2386 521 2433 neque
561 2371 691 2434 turpi
731 2378 938 2434 quaestu,
981 2388 1135 2435 neque
1176 2372 1370 2419 odioso:
1413 2378 1516 2419 tum
1556 2389 1700 2436 quam

86 2445 310 2507 plurimis,
337 2446 480 2492 modo
515 2445 684 2510 dignis,
712 2462 762 2492 se
787 2446 951 2493 utilem
987 2448 1231 2510 praebeat:
1269 2447 1438 2494 deinde
1468 2454 1700 2511 augeatur

89 2520 275 2575 ratione,
297 2520 553 2584 diligentia,
574 2521 869 2584 parsimonia,
895 2537 982 2568 nee
1008 2522 1186 2569 libidini
1209 2522 1367 2585 potius
1392 2523 1696 2585 luxuriaeque,

86 2611 226 2657 quam
264 2595 530 2642 liberalitati
565 2601 613 2642 et
647 2596 968 2643 beneficentiae
1008 2603 1186 2659 pareat.
1218 2634 1221 2638 .
1258 2598 1380 2644 Haec
1418 2597 1697 2661 praescripta
1725 2601 1778 2643 11

86 2676 349 2715 servantem
373 2670 482 2716 licet
505 2671 768 2734 magnifice,
793 2671 1000 2734 graviter
1034 2672 1333 2734 animoseque
1359 2672 1528 2727 vivere,
1555 2678 1696 2734 atque

88 2744 227 2790 etiam
250 2743 533 2806 simpliciter,
560 2746 772 2800 fideliter,
800 2746 909 2793 vitae
935 2746 1179 2792 hominum
1203 2747 1365 2793 amice.

152 2896 358 2943 XXVII.
398 2896 636 2959 Sequitur,
663 2903 717 2943 ut
742 2898 801 2944 de
826 2914 920 2944 una
955 2899 1133 2961 reliqua
1169 2905 1305 2962 parte
1341 2899 1596 2944 honestatis
1630 2898 1697 2944 di-

89 2970 289 3017 cendum
309 2972 396 3018 sit:
422 2971 469 3018 in
488 2987 581 3034 qua
605 2989 635 3018 v
651 2987 675 3018 e
692 2988 714 3018 r
729 2988 754 3018 e
771 2989 795 3019 c
811 2990 844 3019 u
859 2990 889 3018 n
905 2973 934 3019 d
951 2973 965 3020 i
981 2990 1007 3019 a
1021 3010 1032 3029 ‚
1060 2980 1107 3020 et
1131 2974 1264 3036 quasi
1288 2974 1480 3037 quidam
1505 2980 1698 3020 ornatus

87 3043 213 3100 vitae,
255 3047 701 3110 temperantia
743 3053 804 3092 et
844 3048 984 3093 mod
1004 3049 1199 3102 estia,
1238 3048 1479 3110 omnisque
1519 3048 1698 3096 sedatio
