2054 3470
685 249 823 278 munst
848 249 916 278 111.
989 249 1096 279 CAP.
1124 250 1185 280 XI.
1719 243 1777 283 98

95 355 154 402 ad
179 355 426 401 amicitiam
454 356 640 402 tertium
663 355 993 402 adscriberent.
1056 356 1177 402 Cum
1197 355 1338 419 igitur
1356 356 1417 410 id,
1437 356 1563 418 quod
1582 358 1692 403 utile
1723 364 1775 405 18

98 430 278 476 videtur
300 430 345 476 in
370 429 583 484 amicitia,
622 446 730 476 cum
770 446 840 484 eo,
878 429 1006 492 quod
1042 431 1292 476 honestum
1331 436 1416 484 est,
1455 447 1692 493 compara-

95 511 182 560 tur,
205 505 361 567 jaceat
385 504 595 550 utilitatis
621 504 812 567 species,
835 505 989 550 valeat
1013 505 1248 552 honestas,
1321 505 1443 551 Cum
1469 511 1624 551 autem
1650 506 1694 552 in
1723 512 1776 553 19

93 580 305 633 amicitia,
325 595 431 641 quae
451 580 646 625 honesta
662 595 754 625 non
774 586 895 633 sunt,
919 580 1295 641 postulabuntur,
1321 579 1483 642 religio
1508 585 1554 626 et
1577 580 1693 626 fides

92 661 405 716 anteponatur
439 653 666 700 amicitiae.
738 653 814 699 Sic
851 654 1102 700 habebitur
1136 654 1188 708 is,
1216 669 1356 716 quem
1394 654 1711 716 exquirimus„

93 730 302 775 delectus
328 728 474 774 officii.

155 878 240 923 XI.
279 877 373 923 Sed
399 877 606 923 utilitatis
633 877 786 939 specie
811 877 869 923 in
904 894 926 922 r
943 893 967 923 e
1004 894 1034 940 p
1054 894 1084 923 u
1101 877 1271 923 blica
1307 876 1563 939 saepissime
1584 894 1689 940 pec-

91 960 235 1009 catur,
261 960 314 1000 ut
337 954 382 1000 in
400 954 609 1000 Corinthi
629 955 965 1001 disturbatione
981 955 1141 1001 nostri.
1190 955 1365 1001 Durius
1381 955 1520 1000 etiam
1540 956 1690 1001 Athe-

90 1029 284 1084 nienses
312 1029 389 1091 qui
414 1029 661 1083 sciverunt,
688 1035 742 1075 ut
766 1029 1020 1092 AEginetis,
1046 1029 1126 1092 qui
1158 1029 1305 1076 classe
1328 1030 1564 1084 valebant,
1591 1030 1691 1092 pol-

89 1104 199 1150 lices
224 1104 601 1166 praeciderentur.
674 1104 778 1150 Hoc
803 1104 953 1150 visum
985 1110 1057 1150 est
1081 1104 1207 1151 utile.
1278 1104 1428 1150 Nimis
1454 1105 1576 1151 enim
1609 1105 1690 1151 im·
1719 1111 1745 1152 2

88 1179 309 1233 minebat,
338 1184 531 1241 propter
555 1179 967 1241 propinquitatem,
992 1179 1168 1242 ngina
1186 1179 1385 1226 Piraeeo.
1440 1179 1536 1226 Sed
1562 1180 1688 1234 nihil,

89 1252 216 1315 quod
241 1253 443 1307 crudele,
470 1253 597 1299 utile.
667 1253 753 1298 Est
778 1253 899 1299 enim
924 1253 1166 1298 hominum
1190 1260 1384 1308 naturae,
1401 1269 1542 1317 quam
1562 1254 1693 1316 sequi

89 1328 328 1381 debemus,
355 1327 554 1372 maxime
578 1327 760 1373 inimica
785 1327 1050 1374 crudelitas,
1120 1328 1244 1374 Male
1282 1328 1422 1374 etiam
1457 1328 1536 1390 qui
1561 1344 1692 1390 pere·
1719 1335 1744 1374 3

89 1402 244 1466 grinos
267 1402 462 1448 urbibus
486 1402 555 1448 uti
581 1402 845 1464 prohibent,
873 1418 1045 1464 eosque
1071 1402 1392 1457 exterminant,
1419 1409 1473 1448 ut
1501 1403 1691 1448 Pennus

89 1477 216 1540 apud
241 1483 400 1539 patres
425 1482 623 1531 nostros,
651 1477 829 1538 Papius
853 1492 1017 1538 nuper.
1088 1477 1212 1522 Nam
1237 1493 1338 1523 esse
1363 1494 1448 1540 pro
1474 1477 1587 1532 cive,
1615 1478 1693 1540 qui
1718 1482 1739 1523 4

89 1552 198 1598 civis
231 1568 323 1597 non
359 1551 431 1606 sit,
457 1557 638 1597 rectum
676 1558 747 1597 est
782 1568 874 1597 non
910 1552 1075 1597 licere:
1114 1567 1256 1614 quam
1294 1552 1450 1615 legem
1484 1552 1693 1598 tulerunt

88 1626 408 1689 sapientissimi
447 1627 661 1672 consules
703 1627 902 1672 Crassus
940 1632 987 1672 et
1023 1626 1265 1672 Scaevola:
1303 1643 1393 1672 usu
1417 1643 1528 1673 vero
1563 1627 1690 1673 urbis

88 1702 334 1764 prohibere
359 1701 628 1765 peregrinos
653 1717 762 1746 sane
788 1701 1093 1747 inhumanum
1119 1707 1203 1747 est.
1274 1701 1363 1747 Illa
1388 1702 1628 1763 praeclara,
1648 1702 1693 1747 in
1719 1709 1742 1749 5

88 1776 258 1838 quibus
291 1776 493 1838 publicae
518 1776 728 1822 utilitatis
763 1777 943 1838 specics
969 1792 1067 1839 prae
1091 1771 1336 1822 honestate
1362 1776 1685 1823 contemnitur.

88 1852 234 1897 Plena
268 1851 590 1912 exemplorum
629 1857 700 1897 est
735 1857 895 1897 nostra
930 1867 1004 1897 res
1044 1851 1245 1914 publica,
1274 1867 1382 1897 cum
1418 1867 1559 1913 saepe,
1587 1856 1688 1897 tum
1716 1857 1741 1898 6

89 1926 286 1971 maxime
326 1926 449 1972 bello
490 1926 667 1971 Punico
709 1926 915 1972 secundo
937 1941 945 1971 :
985 1941 1103 1988 quae,
1149 1925 1383 1972 Cannensi
1424 1926 1690 1973 calamitate

88 2006 297 2062 accepta,
323 2001 523 2063 majores
549 2001 726 2046 animos
751 2001 929 2055 habuit,
956 2016 1098 2062 quam
1122 2016 1329 2062 unquam
1352 2001 1494 2047 rebus
1529 2017 1690 2047 secun-

88 2075 176 2120 dis.
237 2075 381 2120 Nulla
404 2075 580 2120 timoris
607 2075 897 2137 significatio,
915 2076 1044 2120 nulla
1068 2076 1240 2121 mentio
1257 2074 1398 2138 pacis,
1458 2075 1606 2121 Tanta
1624 2076 1692 2121 vis
1719 2075 1742 2121 ’ἶ

88 2155 160 2194 cst
183 2149 379 2203 honesti,
408 2155 461 2195 ut
485 2150 689 2212 speciem
709 2150 920 2196 utilitatis
941 2151 1174 2196 obscuret.
1245 2149 1559 2196 Athenienses
1584 2166 1691 2196 cum
1717 2156 1745 2197 8

89 2219 339 2269 Persarum
364 2224 593 2286 impetum
617 2222 745 2270 nullo
770 2224 911 2270 modo
932 2230 1124 2287 possent
1149 2224 1390 2278 sustinere,
1412 2230 1692 2271 statuerent-

89 2314 193 2360 que,
220 2304 273 2344 ut
296 2299 412 2345 urbe
435 2299 610 2353 relicta,
638 2299 920 2362 conjugibus
946 2306 993 2345 et
1017 2299 1174 2345 liberis
1200 2299 1425 2345 Troezene
1451 2299 1690 2361 depositis,

88 2389 229 2419 naves
254 2373 634 2428 conscenderent,
659 2374 1020 2436 libertatemque
1050 2374 1248 2434 Grgaeciae
1283 2374 1431 2419 classe
1469 2373 1691 2420 defende-

89 2453 191 2493 rent
212 2464 222 2502 ;
261 2448 495 2510 Cyrsilum
519 2448 775 2510 quemdam
802 2449 1094 2502 suadentem,
1121 2454 1175 2493 ut
1199 2449 1244 2493 in
1280 2449 1397 2494 urbe
1434 2454 1692 2502 manerent,

91 2523 385 2585 Xerxemque
420 2523 693 2585 reciperent,
731 2523 964 2585 lapidibus
1000 2529 1357 2584 cooperuerunt.
1427 2522 1579 2584 Atqui
1614 2523 1690 2568 ille
1718 2528 1744 2568 9

94 2598 338 2643 utilitatem
363 2597 493 2659 sequi
516 2597 765 2644 videbatur
785 2613 794 2643 :
832 2597 916 2643 sed
942 2613 996 2643 ea
1019 2597 1147 2642 nulla
1172 2603 1270 2643 erat
1294 2603 1586 2659 repugnante
1611 2597 1692 2642 ho-

92 2678 285 2717 nestate.
355 2672 691 2718 Themistocles
717 2678 826 2734 post
852 2672 1093 2717 victoriam
1128 2672 1229 2734 ejus
1268 2671 1392 2725 belli,
1422 2670 1550 2733 quod
1587 2687 1693 2716 cum
1721 2676 1778 2717 10

92 2745 247 2791 Persis
270 2745 371 2799 fuit,
399 2746 514 2791 dixit
537 2746 583 2791 in
608 2746 843 2800 concione,
879 2762 931 2792 se
966 2746 1140 2792 habere
1179 2745 1420 2792 consilium
1454 2745 1520 2790 rei
1544 2745 1693 2807 publi·

94 2835 162 2865 cae
187 2819 406 2874 salutare,
432 2820 515 2865 sed
539 2821 587 2866 id
613 2821 716 2866 sciri
754 2836 847 2866 non
880 2836 1001 2882 opus
1042 2836 1158 2866 esse.
1228 2819 1504 2873 Postulavit,
1529 2824 1582 2864 ut
1615 2818 1693 2863 ali-

93 2909 233 2956 quem
258 2894 462 2956 populus
487 2893 634 2948 daret,
661 2895 849 2956 quicum
875 2894 1252 2940 communicaret.
1313 2894 1466 2939 Datus
1492 2899 1563 2938 est
1586 2892 1692 2938 Ari·
1721 2897 1772 2940 11

95 2968 251 3015 stidcs.
322 2968 444 3014 HuIc
468 2968 558 3022 ille,
586 2969 783 3014 classem
809 2967 1291 3021 Lacedaemoniorum,
1318 2982 1424 3028 quae
1459 2966 1696 3012 subducta-

97 3047 220 3087 esset
243 3041 303 3087 ad
332 3038 588 3104 Gytheum,
611 3043 730 3088 clam
755 3042 934 3087 incendi
962 3057 1125 3104 posse:
1165 3057 1257 3103 quo
1282 3041 1406 3086 facto
1431 3040 1581 3102 frangi
1606 3040 1695 3086 La-
