2054 3470
653 264 793 293 mez
818 264 887 294 111.
960 263 1069 295 cAr’.
1096 264 1168 294 111.
1704 257 1759 298 89

73 372 180 435 quin
198 388 440 435 nunquam
460 371 607 434 possit
626 371 801 417 utilitas
821 387 928 417 cum
946 371 1193 417 honestate
1214 370 1509 419 contendere.
1582 374 1675 419 Ita-
1704 380 1730 420 3

69 462 160 510 que
184 447 464 510 accepimus,
492 446 735 492 Socratem
771 445 979 492 execrari
1015 446 1205 492 solitum
1229 461 1324 501 eos,
1358 446 1438 508 qui
1473 447 1677 509 primum

69 523 184 577 lime,
210 528 379 568 natura
404 520 698 575 cohaerentia,
726 520 940 583 opinione
965 520 1303 568 distraxissent.
1375 520 1462 567 Cui
1486 521 1676 584 quidem
1704 527 1729 569 4

69 598 133 643 ita
174 603 286 642 sunt
327 587 473 642 Stoici
513 595 703 649 assensi,
731 600 785 641 ut
826 601 874 641 et
915 595 1138 657 quicquid
1179 596 1429 642 honestum
1466 602 1603 651 esset,
1629 597 1676 643 id

69 672 181 717 utile
219 687 321 717 esse
362 675 634 724 censerent;
674 686 761 716 nec
800 670 914 716 utile
950 670 1218 733 quicquam,
1244 671 1372 733 quod
1408 687 1500 717 non
1534 672 1677 719 hone-

69 753 208 792 stum.
282 745 463 801 Quodsi
486 745 523 790 is
549 750 674 791 esset
697 745 951 800 Panaetius,
978 745 1058 807 qui
1080 745 1302 791 virtutem
1327 752 1577 809 propterea
1602 763 1676 793 co·
1704 754 1730 794 5

69 820 256 866 leudam
294 821 483 874 diceret,
510 819 638 882 quod
674 836 729 866 ea
767 820 969 866 efficiens
1010 820 1225 866 utilitatis
1264 827 1416 876 esset;
1452 827 1506 867 ut
1529 821 1572 876 ii,
1600 821 1679 884 qui

71 912 144 941 res
171 895 458 958 expetendas
474 895 548 941 vel
572 894 816 957 voluptate
832 894 906 941 vel
930 894 1187 941 indolentia
1211 895 1492 942 metiuntur:
1519 896 1679 943 liceret

69 970 110 1016 ei
134 970 302 1025 dicere,
328 970 580 1016 utilitatem
619 969 873 1032 aliquando
898 986 1006 1016 cum
1030 970 1280 1016 honestate
1315 987 1543 1034 pugnare.
1582 971 1677 1018 Sed
1705 977 1731 1018 6

69 1061 176 1091 cum
200 1045 259 1091 sit
282 1045 334 1099 is,
362 1045 442 1107 qui
475 1044 523 1090 id
559 1045 712 1091 solum
736 1045 913 1091 bonum
935 1044 1134 1108 judicet,
1162 1045 1291 1107 quod
1315 1046 1565 1093 honestum
1591 1047 1677 1102 sit;

69 1135 174 1181 quae
210 1125 369 1165 autem
406 1119 515 1165 huic
556 1124 824 1182 repugnent
849 1119 1005 1182 specie
1029 1119 1238 1182 quadam
1260 1120 1487 1176 utilitatis,
1515 1137 1694 1185 eorum⁸

68 1209 219 1256 neque
256 1193 523 1240 accessione
559 1194 799 1240 meliorem
824 1194 970 1240 vitam
1006 1194 1117 1249 fieri,
1143 1211 1229 1241 nec
1255 1195 1524 1243 decessione
1549 1197 1678 1260 pejo-

68 1284 194 1315 rem:
231 1285 324 1314 non
349 1268 534 1315 videtur
571 1268 673 1331 ejus
711 1269 840 1315 modi
878 1269 1095 1315 debuisse
1131 1269 1514 1317 deliberationem
1537 1271 1678 1318 intro-

69 1343 256 1398 ducere,
283 1344 329 1390 in
353 1359 459 1406 qua,
486 1343 614 1406 quod
639 1344 752 1390 utile
777 1343 1028 1398 videretur,
1052 1361 1160 1390 cum
1186 1360 1255 1399 eo,
1277 1345 1405 1407 quod
1430 1345 1679 1392 honestum

72 1425 157 1473 est,
171 1424 539 1481 compararetur.
577 1419 763 1464 Etenim
781 1418 910 1481 quod
930 1435 1169 1465 summum
1188 1420 1367 1466 bonum
1383 1435 1410 1465 a
1426 1417 1593 1467 Stoicis
1611 1421 1675 1467 di·
1707 1422 1729 1468 7

69 1495 202 1549 citur,
231 1494 559 1541 convenienter
592 1499 772 1540 naturae
798 1494 968 1548 vivere,
994 1494 1041 1540 id
1077 1494 1222 1540 habet
1256 1495 1393 1549 hanc,
1423 1500 1477 1541 ut
1501 1495 1679 1558 opinor,

69 1569 364 1623 sententiam,
402 1585 512 1615 cum
552 1569 725 1615 virtute
764 1585 1024 1632 congruere
1064 1585 1276 1632 semper;
1313 1575 1469 1616 cetera
1504 1576 1677 1625 autem,

72 1661 177 1707 quae
202 1644 462 1691 secundum
498 1650 715 1690 naturam
754 1650 924 1698 essent,
950 1645 1015 1690 ita
1052 1645 1225 1708 legere,
1252 1645 1289 1691 si
1314 1661 1368 1692 ea
1395 1645 1553 1692 virtuti
1586 1662 1680 1692 non

73 1725 407 1783 repugnarent.
479 1719 620 1775 Quod
647 1736 755 1765 cum
787 1719 853 1765 ita
877 1719 948 1774 sit,
977 1725 1149 1782 putant
1173 1720 1381 1783 quidam,
1408 1720 1529 1766 hanc
1555 1737 1677 1767 com·
1706 1728 1733 1768 8

72 1795 359 1858 parationem
382 1810 475 1840 non
499 1800 628 1840 recte
653 1794 986 1849 introductam,
1014 1811 1100 1841 nec
1126 1795 1312 1841 omnino
1338 1795 1396 1841 de
1422 1811 1478 1841 eo
1503 1811 1677 1858 genere

69 1869 321 1932 quicquam
347 1869 720 1932 praecipiendum
746 1869 903 1916 fuisse.

134 1945 298 2007 Atque
331 1944 448 1990 illud
483 1944 674 2006 quidem
708 1945 975 1999 honestum,
1003 1945 1131 2006 quod
1167 1946 1356 2008 proprie
1381 1961 1583 2007 vereque
1610 1946 1677 1992 di-
1705 1952 1733 1992 9

71 2020 203 2074 citur,
229 2019 277 2066 id
313 2019 358 2065 in
393 2019 683 2082 sapientibus
719 2025 791 2065 est
826 2020 949 2074 solis,
977 2036 1131 2082 neque
1164 2037 1191 2066 a
1214 2021 1387 2067 virtute
1413 2021 1570 2068 divelli
1594 2038 1677 2067 un-

70 2110 211 2157 quam
236 2099 408 2156 potest.
476 2094 532 2140 In
555 2093 609 2139 iis
634 2099 806 2148 autem,
836 2094 881 2140 in
907 2095 1075 2157 quibus
1101 2095 1328 2158 sapientia
1353 2098 1563 2158 perfecta
1586 2112 1679 2142 non

70 2174 155 2222 est,
176 2168 331 2231 ipsum
355 2168 471 2214 illud
497 2168 688 2231 quidem
715 2169 981 2232 perfectum
1006 2171 1256 2217 honestum
1281 2172 1411 2218 nullo
1435 2172 1591 2226 modo,
1619 2172 1678 2218 si-

70 2243 351 2289 militudines
386 2243 571 2289 honesti
606 2259 708 2290 esse
745 2250 957 2306 possunt.
1029 2245 1147 2291 Haec
1178 2246 1301 2292 enim
1335 2247 1489 2292 omnia
1514 2247 1676 2301 officia,
1709 2252 1766 2292 10

70 2318 130 2364 de
154 2318 324 2381 quibus
348 2318 420 2365 his
444 2318 576 2364 libris
604 2318 916 2382 disputamus,
944 2319 1098 2365 media
1135 2320 1280 2367 Stoici
1315 2322 1588 2384 appellant:
1625 2338 1680 2367 ea

70 2393 334 2439 communia
357 2398 479 2448 sunt,
502 2398 549 2439 et
572 2393 666 2439 late
691 2399 857 2455 patent
878 2408 888 2440 :
915 2410 1022 2456 quae
1042 2400 1089 2441 et
1112 2395 1286 2457 ingenii
1310 2396 1519 2442 bonitate
1543 2396 1679 2442 multi

70 2473 382 2530 assequuntur
405 2473 453 2514 et
478 2468 804 2531 progressione
830 2469 1053 2518 discendi.
1126 2470 1254 2516 Illud
1280 2477 1439 2517 autem
1460 2471 1676 2525 officium,
1709 2477 1762 2517 11

69 2542 198 2604 quod
221 2549 404 2589 rectum
425 2542 566 2589 iidem
584 2543 839 2606 appellant,
859 2544 1119 2605 perfectum
1138 2550 1278 2607 atque
1298 2546 1566 2592 absolutum
1593 2552 1677 2600 est,

70 2623 131 2671 et,
157 2622 212 2663 ut
248 2617 388 2663 iidem
415 2617 590 2672 dicunt,
619 2634 782 2664 omnes
814 2634 1035 2665 numeros
1069 2619 1246 2674 habet3
1283 2636 1382 2674 nee,
1411 2627 1585 2682 praeter
1608 2637 1678 2666 sa-

71 2691 289 2754 pientem,
317 2691 485 2738 cadere
519 2692 566 2738 in
589 2708 875 2755 quemquam
913 2699 1085 2755 potest.
1158 2694 1282 2740 Cum
1319 2701 1479 2741 autem
1504 2695 1677 2757 aliquid
1710 2701 1764 2742 12

70 2771 230 2812 actum
260 2771 346 2820 est,
372 2765 418 2811 in
441 2782 535 2827 quo
566 2767 721 2813 media
753 2767 903 2813 officia
935 2773 1248 2830 compareant,
1276 2769 1323 2814 id
1357 2770 1591 2815 cumulate
1614 2771 1678 2815 vi-

72 2839 211 2886 detur
248 2855 351 2886 esse
387 2840 663 2902 perfectum,
703 2847 954 2903 propterea
986 2842 1114 2903 quod
1141 2843 1324 2906 vulgus,
1351 2844 1464 2905 quid
1497 2844 1619 2890 absit
1651 2861 1679 2890 a

73 2914 296 2976 perfecto,
323 2930 416 2960 non
450 2914 548 2959 fere
586 2914 815 2978 intelligit,
842 2922 1072 2977 quatenus
1108 2923 1267 2962 autem
1303 2918 1532 2980 intelligit,
1566 2918 1678 2963 nihil

74 2994 210 3052 putat
245 2989 633 3052 praetermissum.
706 2990 844 3045 Quod
880 2991 1006 3036 idem
1040 2991 1086 3036 in
1123 2992 1365 3053 poematis,
1403 2992 1448 3036 in
1485 2992 1679 3052 picturis
1708 2997 1763 3038 13

4 3074 7 3075 ’
77 3079 163 3110 usu
197 3063 337 3119 venit,
374 3064 420 3110 in
456 3063 650 3125 aliisque
688 3064 1024 3127 compluribus,
1060 3070 1113 3110 ut
1146 3065 1440 3111 delectentur
1481 3065 1678 3127 imperiti
