2054 3470
682 247 817 277 mum<
844 248 873 277 1.
948 247 1056 278 cm).
1088 250 1201 279 xvn.
1696 241 1755 282 2³

61 355 168 401 tatis
194 355 449 418 plurimum
482 355 761 402 conferetur.
833 355 943 408 Sed,
971 372 1079 418 quce
1106 363 1284 402 naturae
1320 357 1546 421 principia
1579 359 1670 404 sint
1696 365 1722 405 2

60 430 405 476 communitatis
441 436 489 476 et
526 430 760 476 societatis
793 430 1030 485 humanae,
1059 431 1369 493 repetendum
1394 433 1578 479 videtur
1604 434 1669 480 al·

37 501 163 552 'tius.
234 506 321 552 Est
362 505 483 551 enim
521 504 736 568 primum,
765 505 892 568 quod
929 506 1134 552 cernitur
1169 506 1214 552 in
1248 507 1450 553 universi
1485 508 1670 571 generis
1697 515 1724 555 3

60 581 249 627 humani
274 581 527 634 societate;
565 580 668 642 ejus
694 587 853 626 autem
882 580 1118 627 vinculum
1156 588 1227 627 est
1265 582 1384 628 ratio
1420 588 1468 628 ct
1506 584 1670 638 oratio,

58 672 166 719 quae
209 655 438 710 docendo,
476 655 712 709 discendo,
752 656 1156 710 communicando,
1184 656 1507 720 disceptando,
1546 659 1671 722 judi-

59 731 209 777 cando
235 731 449 777 conciliat
472 730 591 776 inter
623 747 672 776 se
707 730 935 786 homineS,
964 731 1304 795 conjungitque
1330 733 1532 779 naturali
1557 750 1672 796 qua·

57 806 167 852 dam
203 806 440 852 societate.
510 805 678 867 Neque
703 806 799 851 ulla
822 822 872 852 re
898 806 1084 870 longius
1110 808 1336 854 absumus
1362 824 1390 853 a
1413 814 1583 854 natura
1606 808 1672 856 fe·
1698 812 1722 855 4

58 897 228 935 rarum,
265 881 310 927 in
348 880 520 943 quibus
560 880 711 926 inesse
753 881 1077 927 fortitudinem
1116 898 1245 945 saepe
1285 883 1497 938 dicimus
1535 889 1589 930 ut
1626 884 1673 930 in

57 956 272 1019 equiS,i11
308 956 546 1010 lconibus;
579 955 827 1018 justitiam,
856 957 1143 1019 aequitatem,
1182 957 1441 1005 bonitatem
1478 975 1571 1006 non
1605 959 1672 1006 di-

58 1037 219 1078 cimus.
291 1031 413 1077 Sunt
438 1031 560 1077 enim
586 1031 775 1077 rationis
812 1038 860 1078 et
896 1032 1115 1078 orationis
1141 1040 1374 1096 expertes.
1444 1034 1519 1081 Ac
1545 1035 1671 1081 latis-
1699 1043 1725 1084 5

57 1106 172 1152 sime
210 1106 403 1169 quidem
442 1111 609 1169 patens
650 1106 917 1153 hominibus
954 1107 1075 1154 inter
1114 1108 1255 1171 ipsos,
1296 1109 1516 1156 omnibus
1554 1111 1675 1158 inter

57 1197 232 1235 omnes,
271 1181 470 1227 societas
509 1181 613 1228 haec
653 1188 748 1236 est;
786 1181 832 1227 in
870 1198 964 1244 qua
1002 1183 1211 1230 omnium
1253 1200 1424 1239 rerum,
1452 1201 1570 1247 quas
1611 1186 1673 1232 ad

56 1271 354 1303 communem
378 1255 620 1302 hominum
645 1272 783 1302 usum
808 1263 976 1302 natura
999 1259 1176 1321 genuit,
1199 1265 1270 1304 est
1295 1260 1525 1305 servanda
1545 1277 1671 1307 com-

56 1331 273 1386 munitas,
300 1337 367 1386 ut,
395 1347 504 1394 quae
542 1330 780 1394 descripta
817 1338 927 1378 sunt
959 1333 1144 1396 legibus
1174 1338 1220 1379 et
1251 1333 1358 1396 jure
1395 1335 1528 1388 civili,
1566 1336 1672 1383 haec

57 1407 120 1453 ita
158 1412 419 1460 teneantur,
446 1411 501 1452 ut
538 1406 598 1452 sit
637 1405 962 1462 constitutum,
990 1424 1015 1454 e
1057 1409 1226 1470 quibus
1266 1409 1378 1472 ipsis
1416 1417 1572 1456 cetera
1607 1411 1672 1458 sic

56 1482 377 1535 observentur,
403 1487 456 1526 ut
488 1481 534 1527 in
562 1482 843 1528 Graecorum
880 1484 1128 1546 proverbio
1161 1490 1246 1538 est,
1275 1485 1534 1532 amicorum
1571 1502 1674 1533 esse

57 1556 323 1603 communia
348 1556 516 1603 omnia.
590 1557 812 1603 Omnium
837 1565 996 1604 autem
1037 1559 1303 1605 communia
1341 1560 1582 1607 hominum
1608 1562 1672 1608 vi·
1700 1567 1726 1609 6

57 1631 228 1677 dentur
265 1647 333 1686 ea,
360 1647 468 1694 quae
503 1637 614 1677 sunt
651 1632 835 1696 generis
872 1633 984 1688 eius,
1011 1634 1138 1696 quod
1178 1635 1238 1681 a'b
1278 1635 1429 1682 Ennio
1468 1637 1674 1699 positum

58 1706 102 1752 in
128 1722 221 1752 una
246 1722 310 1761 re,
338 1707 581 1753 transferri
606 1707 650 1752 in
675 1708 848 1754 multas
876 1716 1046 1771 potest.

344 1791 504 1845 Homo,
534 1792 616 1852 qui
639 1793 813 1838 erranti
837 1794 1018 1839 comiter
1042 1801 1267 1840 monstrat
1292 1795 1430 1849 viam,

357 1867 504 1925 Quasi
529 1868 681 1913 lumen
707 1868 760 1913 de
783 1884 866 1913 seco
892 1869 1065 1914 chne'ne
1088 1870 1310 1923 accendat,
1325 1871 1461 1932 fade.

341 1942 513 1988 Nihilo
537 1943 692 1988 minus
715 1944 809 2003 ipsi
834 1945 962 1999 lucet,
990 1961 1093 1990 cnm
1118 1945 1192 1990 illi
1215 1946 1477 1993 accenderit.
1531 1965 1535 1968 ’

57 2026 164 2072 Una
202 2042 259 2071 ex
295 2041 344 2071 re
377 2025 489 2071 satis
516 2026 747 2089 praecipit‚
776 2033 843 2082 ut,
872 2028 1095 2090 quicquid
1121 2029 1217 2075 sine
1244 2028 1523 2076 detrimento
1549 2047 1673 2076 com·
1701 2031 1726 2079 ’ἰ

57 2100 238 2147 modari
277 2100 440 2163 possit,
478 2100 526 2146 id
567 2101 803 2148 tribuatur
842 2103 916 2148 vel
955 2103 1131 2166 ignoto.
1201 2103 1274 2150 Ex
1313 2120 1407 2166 quo
1444 2111 1555 2151 sunt
1595 2106 1674 2151 illa
1700 2111 1728 2154 8

57 2175 334 2230 communia,
374 2191 468 2221 non
509 2176 758 2238 prohibere
800 2193 925 2240 aqua
973 2178 1263 2240 profluente;
1314 2179 1413 2242 pati
1460 2180 1519 2227 ab
1567 2180 1674 2244 igne

57 2251 215 2314 ignem
240 2266 424 2314 capere,
452 2250 489 2296 si
514 2250 593 2313 qui
620 2251 758 2306 velit;
797 2252 1042 2298 consilium
1068 2253 1205 2300 fidele
1231 2254 1508 2301 deliberanti
1533 2255 1672 2302 dare:

58 2333 163 2388 q‘uae
190 2331 299 2372 sunt
323 2325 376 2371 iis
409 2325 554 2380 utilia,
581 2326 660 2388 qui
685 2327 935 2390 accipiunt,
965 2328 1095 2374 danti
1120 2345 1213 2375 non
1238 2329 1452 2376 molesta.
1516 2330 1673 2386 Quare

56 2408 103 2447 et
127 2400 200 2447 his
227 2399 455 2446 utendum
482 2410 567 2453 est,
595 2411 642 2447 et
666 2418 855 2464 semper
878 2403 1055 2466 aliquid
1087 2403 1149 2449 ad
1176 2420 1474 2451 communem
1499 2406 1673 2452 utilita-

59 2486 153 2522 tem
198 2475 503 2521 afferendum.
590 2477 687 2522 Sed
727 2477 948 2540 quoniam
990 2478 1140 2542 copiae
1185 2495 1344 2542 parvae
1382 2480 1673 2544 singulorum
1700 2487 1726 2530 G

56 2557 179 2602 sunt,
206 2565 369 2596 eorum
406 2563 580 2603 autem,
607 2552 687 2614 qui
726 2552 797 2598 his
838 2559 1026 2616 egeant,
1064 2554 1242 2600 infinita
1277 2561 1348 2601 est
1385 2555 1672 2602 multitudo:

59 2626 263 2689 vulgaris
290 2625 542 2671 liberalitas
568 2627 811 2672 referenda
836 2635 908 2674 est
933 2628 992 2674 ad
1021 2629 1149 2675 illum
1182 2629 1312 2676 Ennii
1350 2630 1504 2684 finem,
1530 2632 1675 2676 nihilo

60 2702 212 2747 minus
248 2706 337 2760 ipsa
377 2702 524 2754 lucem
567 2712 617 2747 ut
656 2701 858 2748 facultas
895 2704 968 2754 sit.
996 2720 1090 2766 qua
1129 2705 1172 2749 in
1214 2715 1397 2750 nostros
1438 2706 1584 2751 simus
1625 2706 1673 2752 li-

60 2774 252 2822 borales.

125 2906 288 2954 XVII.
330 2907 519 2954 Gradus
543 2913 703 2954 autem
730 2909 890 2972 plures
914 2921 1023 2957 sunt
1048 2913 1285 2957 societatis
1312 2913 1565 2958 hominum.
1613 2912 1673 2958 Ut

59 2982 180 3029 enim
199 2983 259 3030 ab
277 2982 356 3030 illa
372 2981 549 3029 infinita
565 2982 847 3038 discedatur,
871 2989 1060 3048 propior
1079 2995 1150 3033 est
1169 2987 1210 3050 ej
1219 2986 1382 3032 usdem
1409 2987 1577 3047 gentis,
1596 3002 1674 3032 na-

61 3055 209 3112 tionis,
234 3057 427 3122 linguae,
453 3073 546 3120 qua
569 3058 770 3105 maxime
795 3060 1005 3107 homines
1031 3061 1397 3124 conjunguntur.
1472 3061 1673 3107 Interius
1702 3066 1728 3107 2
