2054 3470
268 225 327 267 6ss
834 271 836 273 r
961 237 1021 266 DE
1061 237 1270 268 ουκ-115

271 348 327 390 16
357 348 474 398 Qum
495 344 530 391 si
551 345 727 406 populo
747 345 960 391 Romano
985 345 1156 408 injuste
1182 344 1431 408 imperanti
1455 345 1666 391 accidere
1694 353 1956 408 potuerunt,

354 419 468 481 quid
494 419 668 466 debent
694 426 865 482 putare
891 420 1099 484 singuli?

269 494 326 541 17
422 494 560 550 Quod
603 511 710 540 cum
752 495 1054 557 perspicuum
1095 495 1167 549 sit,
1207 495 1531 541 benivolentiae
1578 495 1672 541 vim
1721 512 1822 542 esse
1869 512 1962 541 ma-

353 585 512 632 gnam,
540 576 692 615 metus
717 569 999 616 imbecillam
1020 585 1030 616 z
1068 571 1277 633 sequitur
1300 575 1355 616 ut
1380 570 1674 625 disseramus,
1702 571 1870 633 quibus
1896 587 1964 616 re-

353 644 459 691 bus
482 645 700 691 facillime
744 644 975 707 possimus
1018 661 1136 700 eam,
1176 661 1318 708 quam
1357 645 1589 700 volumus,
1628 645 1823 708 adipisci
1858 662 1964 692 cum

353 719 529 766 honore
554 726 601 766 et
626 720 717 766 fide
744 720 997 767 caritatem.
1050 720 1145 767 Sed
1172 736 1226 766 ea
1249 736 1343 766 non
1367 720 1543 783 pariter
1567 736 1728 767 omnes
1754 736 1965 784 egemus„

268 800 326 842 18
353 795 478 842 Nam
515 795 577 842 ad
615 796 844 858 cujusque
868 795 1013 842 vitam
1049 795 1311 842 institutam
1347 795 1803 842 accommodandum
1827 800 1911 850 est,
1940 809 1964 841 a

268 876 326 918 19
352 871 571 917 multisne
596 887 715 933 opus
740 871 812 925 sit,
840 887 899 916 an
923 871 1034 916 satis
1060 871 1119 917 sit
1143 886 1170 916 a
1195 870 1357 933 paucis
1390 870 1533 933 diligi.
1606 870 1802 916 Certum
1828 870 1959 934 igitm

351 946 441 992 hoc
467 946 538 1001 sit,
566 946 707 1008 idque
732 952 781 992 et
816 945 1019 1008 primum
1055 951 1102 991 et
1136 945 1338 991 maxime
1376 945 1707 1000 necessarium,
1732 945 1966 993 familiari-

353 1027 474 1067 tates
499 1021 673 1067 habere
699 1021 817 1066 fidas
853 1019 1109 1066 amantium
1132 1036 1217 1066 nos
1243 1020 1501 1066 amicorum
1526 1025 1574 1066 et
1598 1026 1761 1066 nostra
1796 1020 1966 1066 miran-

268 1102 327 1142 20
354 1097 483 1143 tium.
555 1096 676 1142 Haec
702 1095 824 1142 enim
849 1100 921 1141 est
956 1111 1051 1141 una
1085 1111 1159 1141 res
1196 1111 1388 1158 prorsus
1412 1101 1466 1141 ut
1489 1111 1582 1141 non
1606 1095 1810 1142 multum
1837 1095 1967 1141 diffe-

351 1177 424 1217 rat
448 1172 569 1218 inter
592 1187 799 1217 summos
826 1176 873 1217 et
897 1170 1158 1217 mediocres
1177 1171 1299 1217 viros
1318 1187 1328 1225 ;
1355 1186 1503 1232 eaque
1527 1170 1738 1232 utrisque
1764 1176 1836 1217 est
1861 1186 1966 1233 pro-

270 1252 317 1293 21
353 1246 609 1310 pemodum
650 1246 983 1308 comparanda.
1053 1245 1245 1291 Honore
1287 1251 1335 1292 et
1376 1245 1524 1308 gloria
1567 1252 1615 1291 et
1657 1246 1966 1292 benivolentia

352 1322 519 1368 civium
544 1322 741 1368 fortasse
766 1337 858 1367 non
884 1336 1015 1383 aeque
1041 1336 1201 1366 omncs
1227 1326 1381 1384 egent,
1402 1320 1484 1366 sed
1511 1326 1668 1366 tamen
1693 1321 1731 1366 si
1757 1320 1832 1367 cui
1857 1321 1963 1367 haeo

353 1402 626 1460 suppetunt,
655 1397 882 1459 adjuvant
908 1397 1196 1458 aliquantum
1234 1406 1334 1441 tum
1359 1395 1419 1440 ad
1446 1402 1615 1449 cetera,
1643 1401 1743 1442 tum
1770 1396 1829 1441 ad
1855 1395 1965 1441 ami-

353 1473 482 1520 citias
508 1472 861 1535 comparandas.

420 1623 502 1670 IX.
542 1622 636 1669 Sed
677 1623 735 1668 de
775 1622 975 1668 amicitia
1011 1622 1099 1667 alio
1135 1621 1252 1668 libro
1278 1621 1457 1667 dictum
1485 1629 1568 1676 est,
1597 1622 1675 1684 qui
1701 1621 1966 1668 inscribitur

353 1698 538 1744 Laelius.
611 1698 748 1744 Nunc
788 1698 998 1743 dicamus
1035 1697 1094 1743 de
1127 1697 1357 1760 gloria,
1386 1713 1676 1759 quamquam
1701 1712 1755 1742 ea
1780 1712 1967 1759 quoque

353 1774 411 1820 de
437 1790 486 1820 re
507 1774 601 1819 duo
623 1779 732 1819 sunt
757 1773 902 1818 nostri
928 1773 1058 1819 libri:
1086 1772 1169 1818 sed
1194 1772 1495 1836 attingamus,
1515 1771 1895 1834 quandoquidem
1914 1786 1967 1817 ea

300 1855 326 1896 ‘2
354 1849 398 1895 in
417 1849 556 1895 rebus
576 1848 832 1911 majoribus
852 1847 1228 1893 administrandis
1248 1847 1445 1909 adjuvat
1464 1847 1732 1909 plurimum.
1774 1846 1967 1892 Summa

353 1924 495 1988 igitur
519 1930 566 1969 et
591 1924 801 1986 perfecta
835 1923 984 1986 gloria
1010 1928 1195 1968 constat
1219 1938 1277 1968 ex
1302 1922 1451 1968 tribus
1476 1922 1574 1968 his:
1613 1921 1650 1967 si
1675 1920 1825 1985 diligit
1848 1921 1966 1966 mul—

356 1999 522 2053 titudo,
550 1999 587 2044 si
622 1998 763 2044 fidem
798 1999 959 2053 habet,
985 1998 1024 2044 si
1058 2014 1166 2044 cum
1204 1997 1508 2043 admiratione
1548 1996 1753 2059 quadam
1787 1997 1966 2043 honore

301 2081 325 2120 3
355 2075 520 2138 dignos
546 2079 697 2137 putat.
769 2073 885 2119 Haec
911 2079 1085 2127 autem,
1113 2073 1150 2119 si
1175 2079 1247 2119 est
1272 2072 1544 2136 simpliciter
1579 2071 1874 2133 breviterque
1900 2071 1966 2117 di-

355 2150 568 2203 cendum,
607 2149 777 2211 quibus
815 2149 957 2194 rebus
997 2148 1243 2211 pariuntur
1280 2164 1307 2193 a
1346 2147 1556 2210 singulis,
1598 2146 1775 2193 eisdem
1809 2146 1906 2192 fere
1940 2162 1967 2191 a

354 2224 664 2270 multitudine.
736 2223 832 2269 Sed
858 2229 929 2269 est
954 2223 1070 2268 alius
1103 2238 1291 2285 quoque
1327 2222 1520 2284 quidam
1545 2222 1699 2267 aditus
1725 2220 1785 2266 ad
1811 2220 1966 2267 multi-

355 2299 577 2353 tudinem,
605 2306 658 2343 ut
682 2298 727 2343 in
752 2298 1075 2343 universorum
1101 2297 1277 2343 animos
1314 2304 1556 2359 tamquam
1590 2296 1782 2341 influere
1821 2295 1967 2358 possi-

355 2390 472 2420 mus,

314 2453 343 2492 4
421 2449 497 2495 Ac
535 2448 737 2510 primum
776 2447 835 2493 de
871 2447 957 2493 illis
994 2447 1156 2501 tribus,
1184 2464 1291 2509 quae
1327 2451 1433 2492 ante
1460 2445 1566 2501 dixi,
1598 2445 1965 2492 benivolen-

357 2524 460 2571 tiae
511 2529 751 2586 praecepta
792 2522 1060 2568 videamus:
1111 2538 1217 2584 quae
1267 2521 1460 2584 quidem
1508 2520 1693 2583 capitur
1734 2520 1967 2567 beneficiis

357 2599 588 2644 maxime:
627 2598 834 2644 secundo
872 2604 1030 2643 autem
1068 2597 1173 2644 loco
1196 2596 1408 2643 benefica
1432 2595 1674 2642 volunt-ate
1699 2595 1966 2642 benivolen-

309 2681 331 2722 5
357 2674 421 2720 tia
444 2679 672 2727 movetur,
695 2673 875 2718 etiamsi
900 2689 972 2719 res
996 2674 1117 2719 forte
1142 2688 1235 2717 non
1261 2671 1487 2733 suppetit.
1541 2670 1863 2717 Vehementer
1886 2685 1966 2716 au-

360 2756 455 2795 tem
480 2764 610 2794 amor
635 2748 947 2794 multitudinis
985 2753 1308 2794 commovetur
1330 2746 1432 2808 ipsa
1455 2746 1582 2791 fama
1607 2752 1654 2792 et
1679 2745 1892 2808 opinione
1915 2744 1966 2792 li-

358 2823 627 2877 beralitatis,
672 2823 1005 2877 beneficenfflae,
1045 2822 1252 2885 justitiae,
1298 2821 1420 2876 fidei,
1464 2820 1765 2883 omniumque
1807 2836 1967 2866 earum

359 2898 600 2952 virtutum,
628 2914 734 2960 quae
763 2899 994 2960 pertinent
1019 2898 1079 2943 ad
1104 2896 1513 2943 mansuetudinem
1545 2911 1731 2941 morum
1765 2910 1820 2942 ac
1857 2894 1967 2941 faci-

307 2978 333 3021 ss
359 2974 551 3021 litatem.
622 2973 808 3018 Etenim
848 2973 964 3019 illud
1003 2973 1171 3035 ipsum,
1199 2971 1325 3035 quod
1361 2972 1613 3017 honestum
1650 2970 1968 3032 decorumque

360 3049 569 3102 dicimus,
598 3047 704 3110 quia
730 3064 813 3110 per
837 3064 885 3094 se
912 3048 1044 3094 nobis
1070 3048 1238 3110 placet,
1267 3046 1536 3108 animosque
1573 3044 1776 3091 omnium
1803 3049 1967 3090 natura
