2054 3470
727 234 868 263 mmm
892 233 922 263 1.
996 233 1104 264 CAP.
1133 233 1201 263 111.
1783 224 1808 264 9

116 359 203 390 non
243 342 488 390 honestate
514 342 707 389 metitur
727 357 738 397 ;
774 341 849 388 1110
875 341 913 387 51
937 341 1024 387 sibi
1058 341 1159 404 ipse
1184 340 1444 387 consentiat
1469 353 1516 387 et
1540 357 1632 387 non
1657 341 1721 388 in-

116 418 301 464 terdum
342 427 525 465 naturae
569 417 778 465 bonitate
813 416 1040 470 vincatur,
1080 432 1234 478 neque
1275 416 1527 462 amicitiam
1574 417 1725 463 colere

114 493 274 555 possit,
301 509 386 539 nec
407 492 654 555 justitiam,
680 508 767 539 nec
791 491 1134 538 liberalitatem.
1200 491 1354 537 Fortis
1378 507 1489 537 vero
1515 491 1724 539 dolorem

113 583 350 614 summum
374 568 550 614 malum
587 567 822 631 judicans,
848 572 932 613 aut
972 572 1242 629 temperans
1266 566 1563 629 voluptatem
1598 583 1724 613 sum-

115 659 244 689 mum
278 644 455 690 bonum
481 648 693 689 statuens
728 657 831 688 esse
857 647 983 688 certe
1018 641 1148 687 nullo
1182 640 1326 687 modo
1361 647 1534 705 potest.
1605 643 1723 698 Quae
1755 643 1774 689 7

113 734 397 781 quamquam
421 718 486 764 ita
510 717 601 765 sint
624 718 670 764 in
695 722 936 780 promptu,
953 722 1008 763 ut
1032 732 1106 763 res
1126 716 1443 779 disputatione
1460 733 1552 763 non
1571 723 1721 781 egeat,

116 800 270 839 tamen
285 799 396 839 sunt
419 809 447 838 a
469 793 603 840 nobis
621 793 711 839 alio
735 792 839 839 loco
865 792 1120 855 disputata.
1181 792 1273 837 Hae
1299 791 1555 855 disciplinae
1582 792 1727 855 igitur
1753 798 1778 840 8

114 868 149 914 si
175 868 258 914 sibi
288 874 614 914 consentaneae
641 868 786 914 velint
810 883 926 921 esse,
954 867 1013 913 de
1039 866 1189 913 officio
1219 867 1333 913 nihil
1358 874 1532 930 queant
1557 868 1724 914 dicere.

117 943 282 1006 Neque
316 943 413 989 ulla
449 943 585 990 officii
616 948 861 1007 praecepta
896 943 1041 996 firma,
1071 942 1269 996 stabilia,
1298 942 1550 1006 conjuncta
1588 949 1724 988 natu-

112 1035 177 1065 rae
227 1018 351 1064 tradi
387 1024 600 1082 possunt,
637 1018 724 1065 nisi
772 1024 855 1064 aut
905 1019 964 1064 ab
1002 1018 1069 1072 iis,
1109 1017 1187 1079 qui
1235 1018 1399 1072 solam,
1437 1024 1521 1064 aut
1556 1019 1616 1065 ab
1657 1018 1724 1073 iis,

114 1093 193 1156 qui
227 1093 429 1140 maxime
453 1094 750 1140 honestatem
777 1100 971 1156 propter
996 1109 1044 1138 se
1070 1093 1228 1139 dic-ant
1253 1093 1580 1155 expetendam.
1651 1093 1727 1139 Ita
1754 1100 1780 1141 9

115 1168 303 1232 propria
339 1174 410 1214 est
446 1184 500 1214 ea
536 1168 792 1230 praeceptio
828 1168 1108 1222 Stoicorum,
1145 1168 1557 1222 Academicorum,
1595 1168 1725 1215 Peri-

115 1244 454 1307 pateticorum:
493 1243 712 1306 quoniam
743 1243 991 1296 Aristonis,
1020 1242 1292 1305 Pyrrhonis,
1315 1242 1479 1288 Herilli
1509 1243 1608 1305 jam
1636 1243 1727 1306 pri-

114 1319 224 1365 dem
259 1318 452 1382 explosa
487 1318 716 1365 sententia
751 1324 846 1364 est:
902 1318 981 1380 qui
1016 1324 1173 1363 tamen
1210 1318 1438 1363 haberent
1476 1318 1555 1380 jus
1591 1334 1729 1364 suum

115 1394 387 1458 disputandi
422 1394 481 1440 de
524 1393 688 1448 officio,
726 1394 764 1439 si
798 1409 955 1439 rerum
999 1393 1200 1454 aliquem
1247 1392 1485 1439 delectum
1521 1393 1728 1456 reliquis-

115 1476 231 1524 sent,
280 1475 335 1516 ut
382 1469 444 1516 ad
493 1469 630 1516 officii
676 1468 989 1515 inventionem
1039 1468 1196 1514 aditus
1247 1474 1383 1515 esset.
1478 1468 1729 1531 Sequimur
1757 1474 1815 1516 10

115 1545 270 1610 igitur,
307 1546 398 1592 1100
434 1545 625 1609 quidem
666 1550 882 1607 tempore
935 1550 981 1590 et
1024 1544 1112 1590 hac
1155 1543 1200 1589 in
1236 1543 1509 1606 quaestione‚
1546 1544 1729 1607 potissi-

115 1637 245 1667 mum
269 1620 466 1675 8101005,
491 1637 585 1667 11011
608 1625 662 1666 ut
686 1620 963 1682 interpretes
981 1636 991 1674 ;
1026 1619 1123 1673 sed,
1151 1625 1205 1664 ut
1230 1619 1449 1674 solemus,
1471 1635 1495 1665 e
1521 1619 1729 1666 fontibus

116 1712 278 1742 eorum
321 1695 500 1759 judicio
535 1694 819 1758 arbitrioque
861 1700 1036 1749 nostro,
1076 1700 1303 1756 quantum
1351 1710 1540 1757 quoque
1586 1694 1729 1741 modo

118 1771 364 1826 videbitur,
391 1770 675 1817 hauriemus.

181 1847 347 1893 Placet
370 1845 525 1909 igitur,
552 1845 774 1908 quoniam
811 1845 958 1891 omnis
996 1844 1254 1908 disputatio
1291 1845 1349 1891 de
1386 1844 1537 1891 officio
1562 1844 1724 1890 futura
1753 1850 1808 1891 11

116 1928 202 1977 est,
229 1927 338 1968 ante
374 1921 694 1975 definire,
731 1920 844 1983 quid
881 1920 939 1966 sit
976 1920 1304 1966 officium:
1342 1920 1471 1982 quod
1495 1920 1729 1967 aPanae-

118 1997 182 2043 tio
219 1996 588 2060 praetermissum
624 2011 727 2042 esse
761 1995 917 2041 miror.
991 1995 1152 2040 Omnis
1190 1995 1325 2048 enim,
1353 2010 1459 2056 quae
1495 2010 1521 2039 a
1545 1994 1723 2040 ratione
1753 1999 1808 2040 12

117 2071 367 2134 suscipitur
402 2070 462 2117 de
497 2070 652 2133 aliqua
686 2086 736 2116 re
771 2068 1015 2122 institutio,
1043 2069 1186 2115 debet
1222 2085 1249 2114 a
1287 2069 1552 2115 definitione
1589 2069 1728 2132 profi-

118 2146 240 2201 cisci,
267 2152 321 2192 ut
346 2146 650 2209 intelligatur,
679 2144 792 2207 quid
818 2144 877 2190 sit
901 2144 963 2198 id,
992 2144 1050 2190 de
1076 2161 1168 2206 quo
1196 2144 1478 2206 disputetur.

184 2296 276 2343 ΙΙΙ.
317 2295 478 2342 01111115
504 2295 563 2342 (10
589 2295 738 2342 officio
775 2294 954 2358 duplex
990 2300 1062 2341 est
1097 2294 1314 2357 quaestio.
1385 2294 1546 2341 Unum
1581 2311 1731 2359 genus

119 2377 205 2426 est,
231 2371 360 2434 quod
395 2371 598 2434 pertinet
630 2370 692 2416 ad
726 2371 867 2417 finem
901 2371 1162 2417 bonorum:
1200 2370 1415 2424 alterum,
1444 2370 1568 2432 quod
1607 2370 1729 2433 posi-

119 2451 222 2492 tum
245 2451 317 2492 est
341 2445 387 2492 in
411 2445 677 2509 praeceptis,
705 2445 875 2508 quibus
899 2445 945 2491 in
970 2461 1133 2492 omnes
1158 2452 1316 2508 partes
1341 2461 1455 2491 usus
1488 2445 1596 2491 vitae
1622 2462 1727 2492 con-

120 2520 308 2567 formari
326 2521 489 2584 possit.
546 2520 808 2584 Superioris
828 2520 1011 2584 generis
1035 2520 1179 2584 hujus
1199 2520 1327 2566 modi
1352 2521 1568 2583 exempla
1593 2527 1728 2574 sunt;
1757 2525 1782 2565 2
1845 2535 1849 2537 ·

120 2595 332 2642 omniane
368 2595 518 2643 officia
552 2596 763 2659 perfecta
798 2596 916 2651 sint;
965 2595 1196 2658 numquid
1217 2595 1439 2641 »officium
1477 2595 1604 2641 aliud
1640 2595 1729 2640 alio

121 2670 272 2734 majus
307 2670 380 2725 sit,
417 2676 465 2717 et
499 2686 607 2733 quae
642 2676 752 2717 sunt
798 2671 982 2734 generis
1018 2670 1247 2733 ejusdem.
1321 2670 1533 2726 Quorum
1569 2676 1727 2715 autem
1757 2675 1782 2715 3

123 2745 375 2791 officiorum
411 2751 656 2808 praecepta
690 2745 956 2799 traduntur,
983 2761 1038 2791 ea
1074 2761 1362 2808 quamquam
1399 2744 1632 2808 pertinent
1668 2744 1728 2789 ad

51 2823 58 2825 ’
121 2820 260 2866 finem
294 2820 537 2874 bonorum,
563 2827 724 2866 tamen
747 2820 900 2866 minus
934 2820 982 2866 id
1008 2826 1220 2883 apparet,
1248 2820 1355 2882 quia
1390 2819 1542 2882 magis
1568 2819 1627 2864 ad
1663 2818 1726 2864 in·
1795 2877 1799 2879 -

121 2893 408 2940 stitutionem
432 2894 541 2941 vitae
570 2895 830 2941 communis
865 2901 1079 2958 spectare
1104 2895 1348 2942 videntur:
1387 2894 1445 2940 de
1465 2894 1632 2956 quibus
1658 2902 1729 2939 est

123 2968 253 3015 nobis
278 2968 349 3015 his
372 2968 500 3015 libris
526 2969 870 3032 explicandum.

187 3042 350 3105 Atque
399 3043 538 3089 etiam
587 3044 676 3089 alia
722 3044 884 3090 divisio
934 3050 1005 3090 est
1055 3044 1202 3090 officii.
1275 3044 1398 3089 Nam
1437 3048 1483 3088 et
1521 3041 1725 3088 medium
1753 3049 1776 3087 4
