2912 4368
968 813 1053 854 112
1670 820 1727 847 mc
1757 818 1961 848 OFFICIIS

995 937 1021 977 8
1049 936 1250 976 senatus.
1313 930 1382 974 At
1407 934 1544 974 aucta
1571 926 1842 988 vectigalia:
1882 926 1994 971 utile
2019 925 2172 987 igitur.
2234 924 2490 984 Quousque
2516 921 2640 968 aude

1049 1006 1167 1053 bunt
1188 1005 1341 1051 dicere
1364 1004 1615 1066 quicquam
1637 1002 1763 1055 utile,
1785 1001 1912 1063 quod
1934 1017 2024 1046 non
2045 1001 2294 1045 honestum
2313 999 2332 1043 ἶ)
2393 998 2562 1043 Potest
2581 1013 2654 1042 au—

1049 1088 1145 1126 tem
1166 1080 1246 1125 ulli
1267 1079 1473 1141 imperio,
1497 1077 1623 1139 quod
1652 1077 1800 1140 gloria
1825 1077 1998 1121 fultum
2024 1091 2123 1121 0550
2146 1074 2300 1126 debet,
2325 1079 2371 1119 et
2397 1072 2658 1119 benivolen-

995 1161 1021 1201 9
1050 1155 1112 1201 tia
1138 1155 1383 1207 sociorum,
1411 1153 1523 1199 utile
1560 1168 1661 1198 esse
1701 1152 1858 1197 odium
1892 1157 1937 1197 01
1972 1150 2195 1195 infamia?
2267 1149 2370 1211 Ego
2396 1147 2533 1193 ctiam
2555 1164 2661 1194 cum

1052 1231 1229 1276 Catone
1256 1245 1360 1274 11100
1386 1244 1513 1289 saepe
1540 1226 1744 1272 dissensi.
1824 1226 1974 1271 Nimis
2000 1225 2111 1270 1111111
2139 1224 2389 1287 praefracte
2415 1222 2662 1269 videbatur

1050 1305 1266 1352 aerarium
1305 1303 1644 1366 vectigaliaque
1682 1302 1947 1355 defendere,
1988 1301 2141 1346 omnia
2179 1299 2437 1362 publicanis
2474 1313 2660 1361 negare,

1049 1381 1197 1425 multa
1222 1379 1355 1426 sociis
1378 1395 1386 1424 :
1426 1395 1531 1424 cum
1557 1378 1600 1422 in
1627 1378 1711 1422 hos
1738 1377 1930 1422 benefici
1965 1392 2064 1422 0550
2092 1375 2396 1428 (101)01·011105;
2436 1390 2542 1419 cum
2577 1373 2664 1419 illis

1050 1455 1114 1501 sic
1150 1470 1306 1517 agere,
1332 1460 1386 1499 ut
1423 1470 1531 1499 cum
1569 1452 1743 1498 colonis
1779 1452 1950 1496 nostris
1988 1451 2274 1496 soleremus:
2315 1464 2463 1510 eoque
2497 1448 2663 1513 magis,

1048 1546 1143 1592 quo
1167 1530 1245 1575 illa
1270 1529 1484 1574 ordinum
1512 1527 1777 1588 conjunctio
1803 1526 1862 1571 ad
1890 1526 2090 1571 salutem
2117 1525 2181 1571 rei
2219 1524 2422 1587 publicae
2460 1523 2661 1586 pertine-

973 1610 1024 1651 10
1050 1606 1145 1651 bat..
1194 1604 1318 1649 Male
1341 1603 1480 1649 etiam
1504 1603 1660 1656 Curio,
1681 1618 1784 1647 cum
1808 1617 1997 1646 causam
2018 1600 2460 1662 Transpadanorum
2482 1614 2664 1661 {Equam

1050 1695 1151 1726 esse
1177 1679 1392 1725 dicebat:
1432 1694 1621 1740 semper
1656 1683 1814 1722 autem
1849 1677 2071 1729 addebat,
2115 1675 2279 1721 Vincat
2304 1676 2499 1720 utilitas.
2572 1674 2663 1719 Po-

1049 1756 1141 1801 tius
1168 1754 1362 1808 diceret,
1390 1770 1485 1799 11011
1512 1769 1612 1798 0550
1639 1768 1839 1813 acquam,
1868 1751 1976 1813 quia
2008 1767 2100 1796 non
2127 1756 2251 1796 esset
2275 1749 2399 1795 utilis
2424 1749 2489 1794 rei
2515 1747 2663 1811 publi-

1051 1846 1131 1884 cae,
1160 1846 1315 1892 quam,
1346 1845 1450 1874 cum
1476 1844 1567 1873 non
1593 1828 1755 1873 utilem
1783 1828 1971 1880 diceret,
2000 1842 2183 1888 {equam
2209 1826 2449 1870 fateretur.

1120 1980 1305 2026 XXIII.
1343 1979 1518 2024 Plenus
1541 1985 1612 2024 051
1638 1984 1797 2024 sextus
1816 1978 1932 2023 liber
1958 1977 2015 2022 dc
2042 1976 2199 2022 officiis
2226 1975 2479 2021 Hecatonis
2505 1974 2666 2019 talium

1052 2072 1185 2117 quae
1206 2055 1332 2100 stio
1350 2071 1378 2099 n
1395 2071 1514 2107 um,
1554 2054 1683 2099 Sitne
1718 2053 1825 2098 boni
1860 2052 1955 2106 viri,
1984 2052 2029 2098 111
2062 2052 2264 2096 maxima
2301 2050 2493 2096 caritate
2526 2065 2665 2095 anno-

1052 2146 1138 2184 nae,
1166 2130 1386 2175 familiam
1413 2146 1503 2174 non
1529 2129 1666 2174 alere.
1740 2129 1795 2173 111
1824 2133 2073 2189 utramque
2101 2133 2282 2190 partem
2308 2126 2549 2188 disputat;
2586 2124 2667 2170 sed

1053 2212 1211 2251 tamen
1247 2205 1307 2251 ad
1350 2211 1612 2250 extremum
1656 2204 1856 2249 utilitate
1900 2203 2103 2248 officium
2142 2202 2299 2264 dirigit
2335 2201 2486 2263 magis
2523 2215 2665 2262 quam

999 2286 1024 2328 2
1053 2280 1359 2326 humanitate.
1432 2279 1624 2334 Quaerit,
1654 2279 1690 2324 si
1719 2279 1764 2323 in
1789 2278 1906 2323 mari
1938 2279 2126 2340 jactura
2159 2276 2372 2322 facienda
2398 2276 2469 2330 sit,
2499 2275 2665 2337 equine

1056 2355 1247 2417 pretiosi
1273 2355 1427 2417 potius
1450 2354 1683 2416 jacturam
1711 2354 1864 2407 faciat,
1894 2370 1951 2398 an
1978 2353 2149 2399 servuli
2174 2352 2289 2398 vilis.
2362 2352 2451 2398 Hic
2478 2352 2567 2397 alio
2592 2367 2669 2396 res

1001 2438 1026 2477 3
1055 2430 1306 2484 familiaris,
1345 2430 1433 2475 alio
1472 2429 1600 2475 ducit
1635 2429 1914 2475 110111111111115.
1988 2428 2038 2474 Si
2079 2428 2291 2474 tabulam
2330 2427 2387 2473 dc
2424 2426 2668 2489 naufragio

1055 2506 1227 2551 stultus
1270 2504 1529 2567 arripuerit,
1568 2504 1925 2566 extorquebitne
1963 2519 2066 2548 eam
2103 2503 2300 2565 sapiens,
2340 2502 2376 2548 si
2419 2502 2666 2565 potuerit?

1002 2586 1029 2626 4
1056 2581 1229 2644 Negat,
1269 2580 1377 2642 quia
1419 2580 1478 2625 sit
1519 2579 1753 2642 injurium.
1827 2579 1951 2634 Quid
1995 2578 2213 2624 (1011111105
2255 2578 2398 2631 navis,
2444 2578 2668 2639 eripietne

1056 2656 1232 2701 suum?
1303 2654 1507 2708 Minime,
1534 2671 1626 2699 non
1661 2655 1779 2717 plus,
1809 2670 1950 2716 quam
1988 2654 2286 2716 navigantem
2313 2653 2357 2698 in
2384 2653 2478 2698 alto
2505 2653 2669 2714 ejicere

1058 2731 1115 2776 de
1153 2730 1259 2776 navi
1284 2730 1408 2783 velit,
1437 2730 1544 2791 quia
1581 2746 1664 2775 5011
1701 2730 1772 2775 511.
1847 2729 2014 2784 Quoad
2052 2729 2173 2774 enim
2211 2735 2488 2790 perventum
2516 2728 2574 2773 sit
2600 2743 2669 2781 eo,

1057 2823 1150 2868 quo
1187 2811 1377 2867 sumpta
1412 2805 1541 2849 navis
1579 2811 1662 2856 est,
1702 2821 1794 2849 non
1832 2804 2006 2849 domini
2043 2810 2113 2849 est
2149 2804 2292 2856 navis,
2331 2803 2413 2848 sed
2450 2803 2670 2866 navigan-

1004 2889 1030 2929 5
1058 2882 1187 2927 tium.
1261 2880 1383 2935 Quid
1411 2879 1446 2924 si
1472 2895 1565 2924 una
1591 2880 1754 2924 tabula
1781 2879 1853 2931 sit,
1883 2878 1977 2923 duo
2002 2878 2231 2940 naufragi,
2261 2878 2383 2939 iique
2410 2878 2669 2939 sapientes:

1058 2955 1142 3000 sibi
1168 2960 1332 3000 neuter
1356 2954 1520 3015 rapiat,
1541 2970 1598 2998 1111
1625 2954 1743 2998 alter
1764 2954 1902 2999 cedat
1928 2953 2094 2998 alteri?
2156 2953 2310 2998 Cedat
2336 2969 2468 2998 vero:
2508 2953 2589 2997 scd
2617 2953 2669 3006 ei,

1059 3031 1193 3093 cujus
1232 3030 1382 3091 magis
1421 3029 1602 3074 intersit
1635 3029 1708 3073 rel
1746 3044 1829 3073 sua
1863 3028 1937 3073 vel
1974 3028 2039 3073 rei
2077 3028 2281 3089 publicae
2320 3044 2475 3081 causa,
2503 3028 2667 3073 rivere.

1007 3112 1031 3152 6
1066 3106 1186 3161 Quid
1214 3105 1250 3150 51
1286 3105 1387 3150 hacc
1422 3104 1551 3166 paria
1587 3104 1630 3149 in
1656 3104 1892 3165 utroque?
1964 3103 2160 3147 Nullum
2186 3103 2270 3148 crit
2296 3109 2544 3156 certamen,
2573 3103 2670 3156 sed,

1008 3182 1030 3227 7
1061 3180 1193 3242 quasi
1230 3185 1354 3225 sorte
1391 3185 1472 3224 aut
1508 3179 1723 3224 micando
1748 3178 1913 3232 victus,
1942 3177 2073 3222 alteri
2109 3177 2245 3223 cedet
2280 3178 2411 3223 alter.
2487 3178 2610 3233 Quid
2637 3178 2672 3223 51

1060 3262 1193 3316 pater
1225 3255 1332 3299 fana
1371 3254 1559 3315 expilet,
1589 3253 1827 3299 cuniculos
1854 3258 1965 3315 agat
1991 3252 2050 3297 ad
2078 3252 2323 3298 aerarium:
2368 3252 2600 3298 indicetne
2626 3251 2671 3297 id

1062 3329 1413 3391 magistratibus
1431 3329 1549 3373 filius
1567 3329 1587 3374 ἶ)
1643 3328 1790 3373 Nefas
1808 3327 1853 3372 id
1872 3327 2060 3389 quidem
2077 3333 2160 3373 est.
2212 3328 2335 3383 Quin
2354 3328 2493 3372 ctiam
2514 3327 2671 3372 defen-

1062 3403 1144 3448 dat
1169 3409 1366 3465 patrem,
1395 3403 1431 3447 si
1456 3408 1694 3465 arguatur.
1758 3403 1865 3447 Non
1892 3402 2033 3464 igitur
2059 3403 2210 3464 patria
2236 3408 2430 3464 praestat
2457 3402 2672 3447 omnibus

1062 3478 1256 3523 officiis?
1328 3478 1482 3522 11111110
1517 3493 1655 3521 vero:
1701 3477 1783 3522 sed
1820 3476 1908 3538 ipsi
1944 3477 2109 3537 patriae
2148 3477 2379 3530 conducit,
2410 3476 2511 3538 pios
2549 3477 2670 3521 cives

1013 3556 1037 3598 3
1064 3552 1236 3597 habere
1264 3552 1308 3596 in
1329 3557 1557 3612 parentes.
1611 3551 1734 3606 Quid
1760 3551 1796 3596 51
1822 3552 2116 3612 tyrannidem
2143 3567 2387 3613 occupare,
2411 3551 2447 3596 51
2473 3551 2668 3613 patriam

1064 3626 1262 3688 prodere
1289 3626 1530 3670 conabitur
1555 3632 1689 3687 pater
1711 3642 1718 3670 :
1759 3626 1969 3671 silebitne
1997 3626 2154 3671 filius?
2226 3626 2379 3671 Immo
2404 3641 2513 3671 vcro
2540 3626 2663 3670 obse·
