<?xml version="1.0" encoding="UTF-8"?>
<!DOCTYPE html PUBLIC "-//W3C//DTD XHTML 1.0 Transitional//EN"
    "http://www.w3.org/TR/xhtml1/DTD/xhtml1-transitional.dtd">
<html xmlns="http://www.w3.org/1999/xhtml" xml:lang="en" lang="en">
 <head>
  <title>
</title>
<meta http-equiv="Content-Type" content="text/html;charset=utf-8" />
  <meta name='ocr-system' content='tesseract 3.04.00' />
  <meta name='ocr-capabilities' content='ocr_page ocr_carea ocr_par ocr_line ocrx_word'/>
</head>
<body>
  <div class='ocr_page' id='page_1' title='image "./mtulliiciceronis1850cice_0020.png"; bbox 0 0 2054 3470; ppageno 0'>
   <div class='ocr_carea' id='block_1_1' title="bbox 887 228 1220 275">
    <p class='ocr_par' dir='ltr' id='par_1_1' title="bbox 887 228 1220 275">
     <span class='ocr_line' id='line_1_1' title="bbox 887 228 1220 275; baseline -0.003 -16"><span class='ocrx_word' id='word_1_1' title='bbox 887 273 889 275; x_wconf 21' lang='grc' dir='ltr'><strong><em>ι</em></strong></span> <span class='ocrx_word' id='word_1_2' title='bbox 908 229 969 259; x_wconf 90' lang='lat' dir='ltr'>DE</span> <span class='ocrx_word' id='word_1_3' title='bbox 1008 228 1220 259; x_wconf 83' lang='lat' dir='ltr'>OFFICIIS</span> 
     </span>
    </p>
   </div>
   <div class='ocr_carea' id='block_1_2' title="bbox 246 334 1924 1826">
    <p class='ocr_par' dir='ltr' id='par_1_2' title="bbox 299 334 1914 400">
     <span class='ocr_line' id='line_1_2' title="bbox 299 334 1914 400; baseline -0.002 -16"><span class='ocrx_word' id='word_1_4' title='bbox 299 336 348 384; x_wconf 90' lang='lat' dir='ltr'>id</span> <span class='ocrx_word' id='word_1_5' title='bbox 372 337 482 384; x_wconf 85' lang='lat' dir='ltr'>mihi</span> <span class='ocrx_word' id='word_1_6' title='bbox 509 354 711 393; x_wconf 90' lang='lat' dir='ltr'>assumo,</span> <span class='ocrx_word' id='word_1_7' title='bbox 738 337 901 384; x_wconf 88' lang='lat' dir='ltr'>videor</span> <span class='ocrx_word' id='word_1_8' title='bbox 925 336 973 384; x_wconf 91' lang='lat' dir='ltr'>id</span> <span class='ocrx_word' id='word_1_9' title='bbox 997 353 1103 384; x_wconf 90' lang='lat' dir='ltr'>meo</span> <span class='ocrx_word' id='word_1_10' title='bbox 1134 336 1242 400; x_wconf 87' lang='lat' dir='ltr'>jure</span> <span class='ocrx_word' id='word_1_11' title='bbox 1266 335 1474 399; x_wconf 87' lang='lat' dir='ltr'>quodam</span> <span class='ocrx_word' id='word_1_12' title='bbox 1499 335 1642 382; x_wconf 84' lang='lat' dir='ltr'>modo</span> <span class='ocrx_word' id='word_1_13' title='bbox 1666 334 1914 382; x_wconf 84' lang='lat' dir='ltr'>vindicare.</span> 
     </span>
    </p>

    <p class='ocr_par' dir='ltr' id='par_1_3' title="bbox 246 410 1920 777">
     <span class='ocr_line' id='line_1_3' title="bbox 246 410 1913 476; baseline -0.002 -16"><span class='ocrx_word' id='word_1_14' title='bbox 246 420 273 460; x_wconf 91' lang='lat'><strong><em>5</em></strong></span> <span class='ocrx_word' id='word_1_15' title='bbox 302 414 457 469; x_wconf 79' lang='lat' dir='ltr'>Quam</span> <span class='ocrx_word' id='word_1_16' title='bbox 493 414 555 460; x_wconf 75' lang='lat' dir='ltr'>ob</span> <span class='ocrx_word' id='word_1_17' title='bbox 591 430 691 459; x_wconf 86' lang='lat' dir='ltr'>rem</span> <span class='ocrx_word' id='word_1_18' title='bbox 725 428 1016 476; x_wconf 81' lang='lat' dir='ltr'>magnopere</span> <span class='ocrx_word' id='word_1_19' title='bbox 1050 417 1098 458; x_wconf 90' lang='lat' dir='ltr'>te</span> <span class='ocrx_word' id='word_1_20' title='bbox 1131 412 1309 467; x_wconf 89' lang='lat' dir='ltr'>hortor,</span> <span class='ocrx_word' id='word_1_21' title='bbox 1337 411 1401 457; x_wconf 90' lang='lat' dir='ltr'>mi</span> <span class='ocrx_word' id='word_1_22' title='bbox 1432 410 1610 466; x_wconf 86' lang='lat' dir='ltr'>Cicero,</span> <span class='ocrx_word' id='word_1_23' title='bbox 1637 416 1692 457; x_wconf 92' lang='lat' dir='ltr'>ut</span> <span class='ocrx_word' id='word_1_24' title='bbox 1727 427 1821 457; x_wconf 91' lang='lat' dir='ltr'>non</span> <span class='ocrx_word' id='word_1_25' title='bbox 1845 426 1913 456; x_wconf 65' lang='lat' dir='ltr'>so⁴</span> 
     </span>
     <span class='ocr_line' id='line_1_4' title="bbox 303 485 1917 549; baseline -0.002 -15"><span class='ocrx_word' id='word_1_26' title='bbox 303 488 402 534; x_wconf 91' lang='lat' dir='ltr'>lum</span> <span class='ocrx_word' id='word_1_27' title='bbox 441 488 675 534; x_wconf 80' lang='lat' dir='ltr'>orationes</span> <span class='ocrx_word' id='word_1_28' title='bbox 721 503 866 542; x_wconf 83' lang='lat' dir='ltr'>meas,</span> <span class='ocrx_word' id='word_1_29' title='bbox 905 486 989 533; x_wconf 90' lang='lat' dir='ltr'>sed</span> <span class='ocrx_word' id='word_1_30' title='bbox 1031 486 1118 533; x_wconf 90' lang='lat' dir='ltr'>hos</span> <span class='ocrx_word' id='word_1_31' title='bbox 1154 486 1293 532; x_wconf 88' lang='lat' dir='ltr'>etiam</span> <span class='ocrx_word' id='word_1_32' title='bbox 1331 486 1392 532; x_wconf 93' lang='lat' dir='ltr'>de</span> <span class='ocrx_word' id='word_1_33' title='bbox 1427 485 1726 549; x_wconf 83' lang='lat' dir='ltr'>philosophia</span> <span class='ocrx_word' id='word_1_34' title='bbox 1760 485 1917 540; x_wconf 80' lang='lat' dir='ltr'>libros,</span> 
     </span>
     <span class='ocr_line' id='line_1_5' title="bbox 301 559 1918 626; baseline -0.002 -18"><span class='ocrx_word' id='word_1_35' title='bbox 301 562 380 624; x_wconf 89' lang='lat' dir='ltr'>qui</span> <span class='ocrx_word' id='word_1_36' title='bbox 416 579 466 610; x_wconf 91' lang='lat' dir='ltr'>se</span> <span class='ocrx_word' id='word_1_37' title='bbox 497 563 600 626; x_wconf 88' lang='lat' dir='ltr'>jam</span> <span class='ocrx_word' id='word_1_38' title='bbox 633 562 721 609; x_wconf 83' lang='lat' dir='ltr'>illis</span> <span class='ocrx_word' id='word_1_39' title='bbox 757 563 856 608; x_wconf 86' lang='lat' dir='ltr'>fere</span> <span class='ocrx_word' id='word_1_40' title='bbox 906 566 1173 623; x_wconf 85' lang='lat' dir='ltr'>aequarunt,</span> <span class='ocrx_word' id='word_1_41' title='bbox 1211 560 1422 607; x_wconf 81' lang='lat' dir='ltr'>studiose</span> <span class='ocrx_word' id='word_1_42' title='bbox 1457 561 1602 623; x_wconf 90' lang='lat' dir='ltr'>legas.</span> <span class='ocrx_word' id='word_1_43' title='bbox 1674 560 1762 606; x_wconf 87' lang='lat' dir='ltr'>Vis</span> <span class='ocrx_word' id='word_1_44' title='bbox 1796 559 1918 606; x_wconf 89' lang='lat' dir='ltr'>enim</span> 
     </span>
     <span class='ocr_line' id='line_1_6' title="bbox 302 634 1920 700; baseline -0.002 -16"><span class='ocrx_word' id='word_1_45' title='bbox 302 638 492 684; x_wconf 89' lang='lat' dir='ltr'>dicendi</span> <span class='ocrx_word' id='word_1_46' title='bbox 525 637 679 700; x_wconf 83' lang='lat' dir='ltr'>major</span> <span class='ocrx_word' id='word_1_47' title='bbox 714 642 787 683; x_wconf 89' lang='lat' dir='ltr'>est</span> <span class='ocrx_word' id='word_1_48' title='bbox 837 636 884 683; x_wconf 91' lang='lat' dir='ltr'>in</span> <span class='ocrx_word' id='word_1_49' title='bbox 918 636 1022 691; x_wconf 88' lang='lat' dir='ltr'>illis,</span> <span class='ocrx_word' id='word_1_50' title='bbox 1060 635 1145 682; x_wconf 90' lang='lat' dir='ltr'>sed</span> <span class='ocrx_word' id='word_1_51' title='bbox 1193 636 1284 682; x_wconf 89' lang='lat' dir='ltr'>hoc</span> <span class='ocrx_word' id='word_1_52' title='bbox 1320 651 1507 698; x_wconf 88' lang='lat' dir='ltr'>quoque</span> <span class='ocrx_word' id='word_1_53' title='bbox 1562 634 1811 682; x_wconf 89' lang='lat' dir='ltr'>colendum</span> <span class='ocrx_word' id='word_1_54' title='bbox 1848 639 1920 681; x_wconf 87' lang='lat' dir='ltr'>est</span> 
     </span>
     <span class='ocr_line' id='line_1_7' title="bbox 303 710 1386 777; baseline -0.003 -17"><span class='ocrx_word' id='word_1_55' title='bbox 303 713 537 777; x_wconf 81' lang='lat' dir='ltr'>aequabile</span> <span class='ocrx_word' id='word_1_56' title='bbox 562 719 610 759; x_wconf 88' lang='lat' dir='ltr'>et</span> <span class='ocrx_word' id='word_1_57' title='bbox 633 717 953 775; x_wconf 89' lang='lat' dir='ltr'>temperatum</span> <span class='ocrx_word' id='word_1_58' title='bbox 978 710 1197 757; x_wconf 85' lang='lat' dir='ltr'>orationis</span> <span class='ocrx_word' id='word_1_59' title='bbox 1223 726 1386 774; x_wconf 88' lang='lat' dir='ltr'>genus.</span> 
     </span>
    </p>

    <p class='ocr_par' dir='ltr' id='par_1_4' title="bbox 248 784 1922 1148">
     <span class='ocr_line' id='line_1_8' title="bbox 248 784 1920 851; baseline -0.004 -15"><span class='ocrx_word' id='word_1_60' title='bbox 248 796 273 837; x_wconf 84' lang='lat'>6</span> <span class='ocrx_word' id='word_1_61' title='bbox 367 790 429 835; x_wconf 91' lang='lat' dir='ltr'>Et</span> <span class='ocrx_word' id='word_1_62' title='bbox 464 788 512 834; x_wconf 89' lang='lat' dir='ltr'>id</span> <span class='ocrx_word' id='word_1_63' title='bbox 547 787 738 851; x_wconf 87' lang='lat' dir='ltr'>quidem</span> <span class='ocrx_word' id='word_1_64' title='bbox 772 786 945 833; x_wconf 82' lang='lat' dir='ltr'>nemim</span> <span class='ocrx_word' id='word_1_65' title='bbox 979 785 1116 832; x_wconf 90' lang='lat' dir='ltr'>video</span> <span class='ocrx_word' id='word_1_66' title='bbox 1149 786 1428 832; x_wconf 79' lang='lat' dir='ltr'>Graecorum</span> <span class='ocrx_word' id='word_1_67' title='bbox 1465 785 1620 832; x_wconf 88' lang='lat' dir='ltr'>adhuc</span> <span class='ocrx_word' id='word_1_68' title='bbox 1655 784 1920 848; x_wconf 76' lang='lat' dir='ltr'>contigisse,</span> 
     </span>
     <span class='ocr_line' id='line_1_9' title="bbox 301 858 1919 925; baseline -0.003 -15"><span class='ocrx_word' id='word_1_69' title='bbox 301 871 354 910; x_wconf 87' lang='lat' dir='ltr'>ut</span> <span class='ocrx_word' id='word_1_70' title='bbox 377 863 503 910; x_wconf 91' lang='lat' dir='ltr'>idem</span> <span class='ocrx_word' id='word_1_71' title='bbox 526 869 728 925; x_wconf 90' lang='lat' dir='ltr'>utroque</span> <span class='ocrx_word' id='word_1_72' title='bbox 751 862 797 908; x_wconf 93' lang='lat' dir='ltr'>in</span> <span class='ocrx_word' id='word_1_73' title='bbox 822 876 993 925; x_wconf 84' lang='lat' dir='ltr'>genere</span> <span class='ocrx_word' id='word_1_74' title='bbox 1025 861 1302 915; x_wconf 79' lang='lat' dir='ltr'>elaboraret,</span> <span class='ocrx_word' id='word_1_75' title='bbox 1330 867 1697 922; x_wconf 78' lang='lat' dir='ltr'>sequereturque</span> <span class='ocrx_word' id='word_1_76' title='bbox 1723 866 1770 906; x_wconf 88' lang='lat' dir='ltr'>et</span> <span class='ocrx_word' id='word_1_77' title='bbox 1805 858 1919 906; x_wconf 89' lang='lat' dir='ltr'>illud</span> 
     </span>
     <span class='ocr_line' id='line_1_10' title="bbox 302 935 1920 998; baseline -0.003 -13"><span class='ocrx_word' id='word_1_78' title='bbox 302 940 485 986; x_wconf 84' lang='lat' dir='ltr'>forense</span> <span class='ocrx_word' id='word_1_79' title='bbox 521 937 721 991; x_wconf 89' lang='lat' dir='ltr'>dicendi,</span> <span class='ocrx_word' id='word_1_80' title='bbox 749 942 796 983; x_wconf 88' lang='lat' dir='ltr'>et</span> <span class='ocrx_word' id='word_1_81' title='bbox 820 937 910 982; x_wconf 91' lang='lat' dir='ltr'>hoe</span> <span class='ocrx_word' id='word_1_82' title='bbox 935 935 1146 998; x_wconf 84' lang='lat' dir='ltr'>quietum</span> <span class='ocrx_word' id='word_1_83' title='bbox 1171 935 1445 998; x_wconf 86' lang='lat' dir='ltr'>disputandi</span> <span class='ocrx_word' id='word_1_84' title='bbox 1477 950 1653 998; x_wconf 89' lang='lat' dir='ltr'>genus:</span> <span class='ocrx_word' id='word_1_85' title='bbox 1690 935 1777 981; x_wconf 86' lang='lat' dir='ltr'>nisi</span> <span class='ocrx_word' id='word_1_86' title='bbox 1800 935 1920 980; x_wconf 82' lang='lat' dir='ltr'>forte</span> 
     </span>
     <span class='ocr_line' id='line_1_11' title="bbox 303 1009 1922 1072; baseline -0.003 -12"><span class='ocrx_word' id='word_1_87' title='bbox 303 1012 573 1060; x_wconf 87' lang='lat' dir='ltr'>Demetrius</span> <span class='ocrx_word' id='word_1_88' title='bbox 591 1012 852 1058; x_wconf 79' lang='lat' dir='ltr'>Phalereus</span> <span class='ocrx_word' id='word_1_89' title='bbox 877 1011 923 1056; x_wconf 93' lang='lat' dir='ltr'>in</span> <span class='ocrx_word' id='word_1_90' title='bbox 946 1011 1037 1057; x_wconf 92' lang='lat' dir='ltr'>hoc</span> <span class='ocrx_word' id='word_1_91' title='bbox 1061 1025 1256 1057; x_wconf 90' lang='lat' dir='ltr'>numero</span> <span class='ocrx_word' id='word_1_92' title='bbox 1276 1009 1439 1056; x_wconf 87' lang='lat' dir='ltr'>haberi</span> <span class='ocrx_word' id='word_1_93' title='bbox 1454 1015 1626 1072; x_wconf 87' lang='lat' dir='ltr'>potest,</span> <span class='ocrx_word' id='word_1_94' title='bbox 1656 1009 1922 1072; x_wconf 83' lang='lat' dir='ltr'>disputator</span> 
     </span>
     <span class='ocr_line' id='line_1_12' title="bbox 302 1084 1918 1148; baseline -0.002 -14"><span class='ocrx_word' id='word_1_95' title='bbox 302 1087 497 1142; x_wconf 85' lang='lat' dir='ltr'>subtilis,</span> <span class='ocrx_word' id='word_1_96' title='bbox 542 1092 700 1133; x_wconf 86' lang='lat' dir='ltr'>orator</span> <span class='ocrx_word' id='word_1_97' title='bbox 740 1101 909 1148; x_wconf 91' lang='lat' dir='ltr'>parum</span> <span class='ocrx_word' id='word_1_98' title='bbox 947 1085 1217 1139; x_wconf 86' lang='lat' dir='ltr'>vehemens,</span> <span class='ocrx_word' id='word_1_99' title='bbox 1261 1084 1412 1130; x_wconf 89' lang='lat' dir='ltr'>dulcis</span> <span class='ocrx_word' id='word_1_100' title='bbox 1455 1091 1626 1139; x_wconf 89' lang='lat' dir='ltr'>tamen,</span> <span class='ocrx_word' id='word_1_101' title='bbox 1676 1091 1731 1131; x_wconf 91' lang='lat' dir='ltr'>ut</span> <span class='ocrx_word' id='word_1_102' title='bbox 1771 1085 1918 1130; x_wconf 70' lang='lat' dir='ltr'>Theo—</span> 
     </span>
    </p>

    <p class='ocr_par' dir='ltr' id='par_1_5' title="bbox 250 1159 1921 1299">
     <span class='ocr_line' id='line_1_13' title="bbox 250 1159 1921 1226; baseline -0.003 -16"><span class='ocrx_word' id='word_1_103' title='bbox 250 1164 275 1211; x_wconf 81' lang='lat'>7</span> <span class='ocrx_word' id='word_1_104' title='bbox 303 1161 484 1226; x_wconf 88' lang='lat' dir='ltr'>phrasti</span> <span class='ocrx_word' id='word_1_105' title='bbox 518 1160 800 1224; x_wconf 88' lang='lat' dir='ltr'>discipulum</span> <span class='ocrx_word' id='word_1_106' title='bbox 835 1160 986 1224; x_wconf 87' lang='lat' dir='ltr'>possis</span> <span class='ocrx_word' id='word_1_107' title='bbox 1021 1176 1291 1224; x_wconf 80' lang='lat' dir='ltr'>agnoscere.</span> <span class='ocrx_word' id='word_1_108' title='bbox 1362 1159 1462 1206; x_wconf 89' lang='lat' dir='ltr'>Nos</span> <span class='ocrx_word' id='word_1_109' title='bbox 1494 1165 1653 1206; x_wconf 87' lang='lat' dir='ltr'>autem</span> <span class='ocrx_word' id='word_1_110' title='bbox 1692 1165 1921 1222; x_wconf 87' lang='lat' dir='ltr'>quantum</span> 
     </span>
     <span class='ocr_line' id='line_1_14' title="bbox 303 1234 1921 1299; baseline -0.003 -14"><span class='ocrx_word' id='word_1_111' title='bbox 303 1239 349 1285; x_wconf 90' lang='lat' dir='ltr'>in</span> <span class='ocrx_word' id='word_1_112' title='bbox 383 1243 584 1299; x_wconf 88' lang='lat' dir='ltr'>utroque</span> <span class='ocrx_word' id='word_1_113' title='bbox 620 1235 971 1299; x_wconf 82' lang='lat' dir='ltr'>profecerimus,</span> <span class='ocrx_word' id='word_1_114' title='bbox 1019 1235 1215 1281; x_wconf 88' lang='lat' dir='ltr'>aliorum</span> <span class='ocrx_word' id='word_1_115' title='bbox 1258 1234 1317 1280; x_wconf 85' lang='lat' dir='ltr'>sit</span> <span class='ocrx_word' id='word_1_116' title='bbox 1343 1234 1606 1297; x_wconf 79' lang='lat' dir='ltr'>judicium:</span> <span class='ocrx_word' id='word_1_117' title='bbox 1666 1241 1921 1297; x_wconf 87' lang='lat' dir='ltr'>utrumque</span> 
     </span>
    </p>

    <p class='ocr_par' dir='ltr' id='par_1_6' title="bbox 248 1309 1924 1826">
     <span class='ocr_line' id='line_1_15' title="bbox 248 1309 1922 1373; baseline 0 -17"><span class='ocrx_word' id='word_1_118' title='bbox 248 1317 273 1356; x_wconf 85' lang='grc'>8</span> <span class='ocrx_word' id='word_1_119' title='bbox 304 1319 430 1360; x_wconf 84' lang='lat' dir='ltr'>certe</span> <span class='ocrx_word' id='word_1_120' title='bbox 450 1311 598 1358; x_wconf 86' lang='lat' dir='ltr'>secuti</span> <span class='ocrx_word' id='word_1_121' title='bbox 623 1326 800 1356; x_wconf 88' lang='lat' dir='ltr'>sumus.</span> <span class='ocrx_word' id='word_1_122' title='bbox 859 1310 1091 1372; x_wconf 87' lang='lat' dir='ltr'>Equidem</span> <span class='ocrx_word' id='word_1_123' title='bbox 1118 1315 1165 1355; x_wconf 90' lang='lat' dir='ltr'>et</span> <span class='ocrx_word' id='word_1_124' title='bbox 1189 1310 1438 1355; x_wconf 87' lang='lat' dir='ltr'>Platonem</span> <span class='ocrx_word' id='word_1_125' title='bbox 1462 1309 1688 1363; x_wconf 79' lang='lat' dir='ltr'>existimo,</span> <span class='ocrx_word' id='word_1_126' title='bbox 1711 1309 1747 1355; x_wconf 88' lang='lat' dir='ltr'>si</span> <span class='ocrx_word' id='word_1_127' title='bbox 1773 1325 1922 1373; x_wconf 87' lang='lat' dir='ltr'>genus</span> 
     </span>
     <span class='ocr_line' id='line_1_16' title="bbox 302 1384 1922 1448; baseline -0.002 -14"><span class='ocrx_word' id='word_1_128' title='bbox 302 1389 486 1435; x_wconf 88' lang='lat' dir='ltr'>forense</span> <span class='ocrx_word' id='word_1_129' title='bbox 513 1385 697 1433; x_wconf 85' lang='lat' dir='ltr'>dicendi</span> <span class='ocrx_word' id='word_1_130' title='bbox 722 1390 922 1432; x_wconf 84' lang='lat' dir='ltr'>tractare</span> <span class='ocrx_word' id='word_1_131' title='bbox 947 1385 1186 1439; x_wconf 86' lang='lat' dir='ltr'>voluisset,</span> <span class='ocrx_word' id='word_1_132' title='bbox 1221 1384 1495 1448; x_wconf 81' lang='lat' dir='ltr'>gravissime</span> <span class='ocrx_word' id='word_1_133' title='bbox 1521 1390 1569 1430; x_wconf 91' lang='lat' dir='ltr'>et</span> <span class='ocrx_word' id='word_1_134' title='bbox 1605 1384 1922 1447; x_wconf 79' lang='lat' dir='ltr'>copiosissime</span> 
     </span>
     <span class='ocr_line' id='line_1_17' title="bbox 305 1459 1922 1527; baseline -0.002 -18"><span class='ocrx_word' id='word_1_135' title='bbox 305 1463 514 1527; x_wconf 82' lang='lat' dir='ltr'>potuisse</span> <span class='ocrx_word' id='word_1_136' title='bbox 540 1462 723 1515; x_wconf 86' lang='lat' dir='ltr'>dicere;</span> <span class='ocrx_word' id='word_1_137' title='bbox 767 1466 814 1507; x_wconf 92' lang='lat' dir='ltr'>et</span> <span class='ocrx_word' id='word_1_138' title='bbox 840 1460 1225 1514; x_wconf 89' lang='lat' dir='ltr'>Demosthenem,</span> <span class='ocrx_word' id='word_1_139' title='bbox 1253 1459 1290 1505; x_wconf 88' lang='lat' dir='ltr'>si</span> <span class='ocrx_word' id='word_1_140' title='bbox 1314 1459 1405 1514; x_wconf 85' lang='lat' dir='ltr'>illa,</span> <span class='ocrx_word' id='word_1_141' title='bbox 1432 1475 1538 1521; x_wconf 78' lang='lat' dir='ltr'>quae</span> <span class='ocrx_word' id='word_1_142' title='bbox 1567 1475 1595 1505; x_wconf 90' lang='lat' dir='ltr'>a</span> <span class='ocrx_word' id='word_1_143' title='bbox 1629 1460 1831 1506; x_wconf 89' lang='lat' dir='ltr'>Platone</span> <span class='ocrx_word' id='word_1_144' title='bbox 1856 1459 1922 1506; x_wconf 86' lang='lat' dir='ltr'>di-</span> 
     </span>
     <span class='ocr_line' id='line_1_18' title="bbox 304 1534 1924 1598; baseline -0.002 -14"><span class='ocrx_word' id='word_1_145' title='bbox 304 1539 494 1592; x_wconf 86' lang='lat' dir='ltr'>dicerat,</span> <span class='ocrx_word' id='word_1_146' title='bbox 522 1536 750 1583; x_wconf 88' lang='lat' dir='ltr'>tenuisset</span> <span class='ocrx_word' id='word_1_147' title='bbox 784 1540 832 1581; x_wconf 87' lang='lat' dir='ltr'>et</span> <span class='ocrx_word' id='word_1_148' title='bbox 867 1535 1171 1598; x_wconf 87' lang='lat' dir='ltr'>pronuntiare</span> <span class='ocrx_word' id='word_1_149' title='bbox 1197 1534 1434 1589; x_wconf 85' lang='lat' dir='ltr'>voluisset,</span> <span class='ocrx_word' id='word_1_150' title='bbox 1463 1541 1625 1581; x_wconf 86' lang='lat' dir='ltr'>ornate</span> <span class='ocrx_word' id='word_1_151' title='bbox 1656 1534 1924 1597; x_wconf 91' lang='lat' dir='ltr'>splendide-</span> 
     </span>
     <span class='ocr_line' id='line_1_19' title="bbox 304 1609 1920 1677; baseline -0.003 -17"><span class='ocrx_word' id='word_1_152' title='bbox 304 1630 395 1677; x_wconf 92' lang='lat' dir='ltr'>que</span> <span class='ocrx_word' id='word_1_153' title='bbox 419 1613 573 1659; x_wconf 87' lang='lat' dir='ltr'>facere</span> <span class='ocrx_word' id='word_1_154' title='bbox 606 1611 829 1674; x_wconf 86' lang='lat' dir='ltr'>potuisse.</span> <span class='ocrx_word' id='word_1_155' title='bbox 900 1610 1175 1672; x_wconf 86' lang='lat' dir='ltr'>Eodemque</span> <span class='ocrx_word' id='word_1_156' title='bbox 1200 1609 1342 1655; x_wconf 90' lang='lat' dir='ltr'>modo</span> <span class='ocrx_word' id='word_1_157' title='bbox 1368 1609 1427 1655; x_wconf 93' lang='lat' dir='ltr'>de</span> <span class='ocrx_word' id='word_1_158' title='bbox 1451 1609 1713 1656; x_wconf 87' lang='lat' dir='ltr'>Aristotele</span> <span class='ocrx_word' id='word_1_159' title='bbox 1738 1614 1786 1656; x_wconf 93' lang='lat' dir='ltr'>et</span> <span class='ocrx_word' id='word_1_160' title='bbox 1822 1609 1920 1655; x_wconf 88' lang='lat' dir='ltr'>Iso-</span> 
     </span>
     <span class='ocr_line' id='line_1_20' title="bbox 305 1684 1921 1750; baseline -0.002 -16"><span class='ocrx_word' id='word_1_161' title='bbox 305 1694 431 1735; x_wconf 84' lang='lat' dir='ltr'>crate</span> <span class='ocrx_word' id='word_1_162' title='bbox 460 1687 652 1750; x_wconf 88' lang='lat' dir='ltr'>judico:</span> <span class='ocrx_word' id='word_1_163' title='bbox 705 1701 906 1748; x_wconf 86' lang='lat' dir='ltr'>quorum</span> <span class='ocrx_word' id='word_1_164' title='bbox 946 1691 1148 1747; x_wconf 89' lang='lat' dir='ltr'>uterque</span> <span class='ocrx_word' id='word_1_165' title='bbox 1191 1701 1276 1732; x_wconf 82' lang='lat' dir='ltr'>suo</span> <span class='ocrx_word' id='word_1_166' title='bbox 1313 1685 1469 1731; x_wconf 89' lang='lat' dir='ltr'>studio</span> <span class='ocrx_word' id='word_1_167' title='bbox 1505 1684 1767 1732; x_wconf 80' lang='lat' dir='ltr'>delectatus</span> <span class='ocrx_word' id='word_1_168' title='bbox 1816 1701 1921 1731; x_wconf 86' lang='lat' dir='ltr'>con-</span> 
     </span>
     <span class='ocr_line' id='line_1_21' title="bbox 305 1762 735 1826; baseline -0.007 -17"><span class='ocrx_word' id='word_1_169' title='bbox 305 1763 496 1826; x_wconf 87' lang='lat' dir='ltr'>tempsit</span> <span class='ocrx_word' id='word_1_170' title='bbox 521 1762 735 1807; x_wconf 87' lang='lat' dir='ltr'>alterum.</span> 
     </span>
    </p>
   </div>
   <div class='ocr_carea' id='block_1_3' title="bbox 254 1911 1925 3095">
    <p class='ocr_par' dir='ltr' id='par_1_7' title="bbox 307 1911 1920 2051">
     <span class='ocr_line' id='line_1_22' title="bbox 373 1911 1919 1975; baseline -0.001 -15"><span class='ocrx_word' id='word_1_171' title='bbox 373 1915 438 1960; x_wconf 88' lang='grc' dir='ltr'>ΙΙ.</span> <span class='ocrx_word' id='word_1_172' title='bbox 509 1912 606 1959; x_wconf 74' lang='lat' dir='ltr'>Sed</span> <span class='ocrx_word' id='word_1_173' title='bbox 643 1929 749 1959; x_wconf 85' lang='lat' dir='ltr'>curn</span> <span class='ocrx_word' id='word_1_174' title='bbox 774 1911 1045 1958; x_wconf 86' lang='lat' dir='ltr'>statuissem</span> <span class='ocrx_word' id='word_1_175' title='bbox 1071 1911 1272 1958; x_wconf 86' lang='lat' dir='ltr'>scribere</span> <span class='ocrx_word' id='word_1_176' title='bbox 1298 1912 1358 1958; x_wconf 86' lang='lat' dir='ltr'>ad</span> <span class='ocrx_word' id='word_1_177' title='bbox 1394 1918 1441 1959; x_wconf 91' lang='lat' dir='ltr'>te</span> <span class='ocrx_word' id='word_1_178' title='bbox 1467 1911 1643 1975; x_wconf 89' lang='lat' dir='ltr'>aliquid</span> <span class='ocrx_word' id='word_1_179' title='bbox 1678 1912 1769 1958; x_wconf 91' lang='lat' dir='ltr'>hoc</span> <span class='ocrx_word' id='word_1_180' title='bbox 1805 1917 1919 1958; x_wconf 90' lang='lat' dir='ltr'>tem·</span> 
     </span>
     <span class='ocr_line' id='line_1_23' title="bbox 307 1986 1920 2051; baseline -0.002 -16"><span class='ocrx_word' id='word_1_181' title='bbox 307 2005 433 2051; x_wconf 89' lang='lat' dir='ltr'>pore,</span> <span class='ocrx_word' id='word_1_182' title='bbox 454 1988 603 2034; x_wconf 84' lang='lat' dir='ltr'>multa</span> <span class='ocrx_word' id='word_1_183' title='bbox 623 1988 838 2050; x_wconf 88' lang='lat' dir='ltr'>posthac,</span> <span class='ocrx_word' id='word_1_184' title='bbox 859 1987 919 2033; x_wconf 88' lang='lat' dir='ltr'>ab</span> <span class='ocrx_word' id='word_1_185' title='bbox 944 2002 1000 2032; x_wconf 91' lang='lat' dir='ltr'>eo</span> <span class='ocrx_word' id='word_1_186' title='bbox 1020 1986 1160 2033; x_wconf 87' lang='lat' dir='ltr'>ordiri</span> <span class='ocrx_word' id='word_1_187' title='bbox 1184 1987 1386 2034; x_wconf 80' lang='lat' dir='ltr'>maxime</span> <span class='ocrx_word' id='word_1_188' title='bbox 1405 1987 1545 2042; x_wconf 86' lang='lat' dir='ltr'>volui,</span> <span class='ocrx_word' id='word_1_189' title='bbox 1563 1987 1693 2049; x_wconf 87' lang='lat' dir='ltr'>quod</span> <span class='ocrx_word' id='word_1_190' title='bbox 1717 1991 1765 2033; x_wconf 86' lang='lat' dir='ltr'>et</span> <span class='ocrx_word' id='word_1_191' title='bbox 1790 1989 1920 2033; x_wconf 59' lang='lat' dir='ltr'>aetat?</span> 
     </span>
    </p>

    <p class='ocr_par' dir='ltr' id='par_1_8' title="bbox 254 2061 1925 2276">
     <span class='ocr_line' id='line_1_24' title="bbox 254 2061 1925 2125; baseline -0.002 -15"><span class='ocrx_word' id='word_1_192' title='bbox 254 2070 278 2110; x_wconf 88' lang='grc'>2</span> <span class='ocrx_word' id='word_1_193' title='bbox 306 2070 402 2110; x_wconf 84' lang='lat' dir='ltr'>tuae</span> <span class='ocrx_word' id='word_1_194' title='bbox 438 2069 563 2109; x_wconf 88' lang='lat' dir='ltr'>esset</span> <span class='ocrx_word' id='word_1_195' title='bbox 587 2061 895 2125; x_wconf 85' lang='lat' dir='ltr'>aptissimum,</span> <span class='ocrx_word' id='word_1_196' title='bbox 917 2067 964 2108; x_wconf 89' lang='lat' dir='ltr'>et</span> <span class='ocrx_word' id='word_1_197' title='bbox 989 2061 1256 2108; x_wconf 85' lang='lat' dir='ltr'>auctoritati</span> <span class='ocrx_word' id='word_1_198' title='bbox 1280 2079 1418 2110; x_wconf 78' lang='lat' dir='ltr'>meae.</span> <span class='ocrx_word' id='word_1_199' title='bbox 1489 2062 1617 2109; x_wconf 87' lang='lat' dir='ltr'>Nam</span> <span class='ocrx_word' id='word_1_200' title='bbox 1641 2078 1748 2108; x_wconf 90' lang='lat' dir='ltr'>cum</span> <span class='ocrx_word' id='word_1_201' title='bbox 1772 2061 1925 2108; x_wconf 75' lang='lat' dir='ltr'>multa</span> 
     </span>
     <span class='ocr_line' id='line_1_25' title="bbox 307 2136 1923 2200; baseline -0.002 -15"><span class='ocrx_word' id='word_1_202' title='bbox 307 2138 398 2185; x_wconf 88' lang='lat' dir='ltr'>sint</span> <span class='ocrx_word' id='word_1_203' title='bbox 421 2138 466 2184; x_wconf 93' lang='lat' dir='ltr'>in</span> <span class='ocrx_word' id='word_1_204' title='bbox 492 2136 794 2200; x_wconf 86' lang='lat' dir='ltr'>philosophia</span> <span class='ocrx_word' id='word_1_205' title='bbox 829 2145 877 2182; x_wconf 93' lang='lat' dir='ltr'>et</span> <span class='ocrx_word' id='word_1_206' title='bbox 901 2136 1063 2200; x_wconf 86' lang='lat' dir='ltr'>gravia</span> <span class='ocrx_word' id='word_1_207' title='bbox 1098 2142 1146 2182; x_wconf 93' lang='lat' dir='ltr'>et</span> <span class='ocrx_word' id='word_1_208' title='bbox 1181 2137 1312 2183; x_wconf 87' lang='lat' dir='ltr'>utilia</span> <span class='ocrx_word' id='word_1_209' title='bbox 1335 2142 1554 2184; x_wconf 87' lang='lat' dir='ltr'>accurate</span> <span class='ocrx_word' id='word_1_210' title='bbox 1591 2137 1872 2200; x_wconf 89' lang='lat' dir='ltr'>copioseque</span> <span class='ocrx_word' id='word_1_211' title='bbox 1896 2152 1923 2182; x_wconf 83' lang='lat' dir='ltr'>a</span> 
     </span>
     <span class='ocr_line' id='line_1_26' title="bbox 308 2210 1922 2276; baseline -0.001 -18"><span class='ocrx_word' id='word_1_212' title='bbox 308 2211 599 2276; x_wconf 87' lang='lat' dir='ltr'>philosophis</span> <span class='ocrx_word' id='word_1_213' title='bbox 626 2211 894 2273; x_wconf 86' lang='lat' dir='ltr'>disputata:</span> <span class='ocrx_word' id='word_1_214' title='bbox 931 2210 1154 2257; x_wconf 86' lang='lat' dir='ltr'>latissime</span> <span class='ocrx_word' id='word_1_215' title='bbox 1191 2217 1355 2274; x_wconf 86' lang='lat' dir='ltr'>patere</span> <span class='ocrx_word' id='word_1_216' title='bbox 1379 2212 1600 2258; x_wconf 87' lang='lat' dir='ltr'>videntur</span> <span class='ocrx_word' id='word_1_217' title='bbox 1634 2227 1703 2266; x_wconf 84' lang='lat' dir='ltr'>ea,</span> <span class='ocrx_word' id='word_1_218' title='bbox 1729 2227 1837 2273; x_wconf 84' lang='lat' dir='ltr'>quae</span> <span class='ocrx_word' id='word_1_219' title='bbox 1862 2211 1922 2257; x_wconf 90' lang='lat' dir='ltr'>de</span> 
     </span>
    </p>

    <p class='ocr_par' dir='ltr' id='par_1_9' title="bbox 255 2284 1921 2798">
     <span class='ocr_line' id='line_1_27' title="bbox 255 2284 1919 2348; baseline -0.002 -13"><span class='ocrx_word' id='word_1_220' title='bbox 255 2293 280 2335; x_wconf 86' lang='lat'>3</span> <span class='ocrx_word' id='word_1_221' title='bbox 308 2287 466 2334; x_wconf 89' lang='lat' dir='ltr'>officiis</span> <span class='ocrx_word' id='word_1_222' title='bbox 501 2285 677 2332; x_wconf 87' lang='lat' dir='ltr'>tradita</span> <span class='ocrx_word' id='word_1_223' title='bbox 701 2286 761 2332; x_wconf 90' lang='lat' dir='ltr'>ab</span> <span class='ocrx_word' id='word_1_224' title='bbox 797 2285 885 2331; x_wconf 89' lang='lat' dir='ltr'>illis</span> <span class='ocrx_word' id='word_1_225' title='bbox 918 2290 966 2332; x_wconf 92' lang='lat' dir='ltr'>et</span> <span class='ocrx_word' id='word_1_226' title='bbox 1002 2291 1248 2348; x_wconf 80' lang='lat' dir='ltr'>praecepta</span> <span class='ocrx_word' id='word_1_227' title='bbox 1283 2292 1407 2333; x_wconf 86' lang='lat' dir='ltr'>sunt.</span> <span class='ocrx_word' id='word_1_228' title='bbox 1478 2286 1624 2332; x_wconf 85' lang='lat' dir='ltr'>Nulla</span> <span class='ocrx_word' id='word_1_229' title='bbox 1659 2284 1781 2332; x_wconf 87' lang='lat' dir='ltr'>enim</span> <span class='ocrx_word' id='word_1_230' title='bbox 1808 2285 1919 2332; x_wconf 80' lang='lat' dir='ltr'>vitae</span> 
     </span>
     <span class='ocr_line' id='line_1_28' title="bbox 307 2359 1921 2425; baseline -0.001 -17"><span class='ocrx_word' id='word_1_231' title='bbox 307 2378 416 2425; x_wconf 86' lang='lat' dir='ltr'>pars</span> <span class='ocrx_word' id='word_1_232' title='bbox 450 2376 603 2423; x_wconf 91' lang='lat' dir='ltr'>neque</span> <span class='ocrx_word' id='word_1_233' title='bbox 628 2360 841 2423; x_wconf 87' lang='lat' dir='ltr'>publicis,</span> <span class='ocrx_word' id='word_1_234' title='bbox 868 2376 1020 2423; x_wconf 91' lang='lat' dir='ltr'>neque</span> <span class='ocrx_word' id='word_1_235' title='bbox 1055 2359 1263 2423; x_wconf 84' lang='lat' dir='ltr'>privatis,</span> <span class='ocrx_word' id='word_1_236' title='bbox 1289 2376 1442 2423; x_wconf 89' lang='lat' dir='ltr'>neque</span> <span class='ocrx_word' id='word_1_237' title='bbox 1465 2360 1742 2415; x_wconf 88' lang='lat' dir='ltr'>forensibus,</span> <span class='ocrx_word' id='word_1_238' title='bbox 1768 2376 1921 2423; x_wconf 88' lang='lat' dir='ltr'>neque</span> 
     </span>
     <span class='ocr_line' id='line_1_29' title="bbox 308 2434 1920 2499; baseline -0.001 -16"><span class='ocrx_word' id='word_1_239' title='bbox 308 2435 575 2483; x_wconf 82' lang='lat' dir='ltr'>domesticis</span> <span class='ocrx_word' id='word_1_240' title='bbox 599 2435 646 2481; x_wconf 89' lang='lat' dir='ltr'>in</span> <span class='ocrx_word' id='word_1_241' title='bbox 669 2436 836 2490; x_wconf 89' lang='lat' dir='ltr'>rebus;</span> <span class='ocrx_word' id='word_1_242' title='bbox 872 2450 1024 2498; x_wconf 90' lang='lat' dir='ltr'>neque</span> <span class='ocrx_word' id='word_1_243' title='bbox 1049 2434 1087 2481; x_wconf 91' lang='lat' dir='ltr'>si</span> <span class='ocrx_word' id='word_1_244' title='bbox 1109 2440 1267 2481; x_wconf 90' lang='lat' dir='ltr'>tecum</span> <span class='ocrx_word' id='word_1_245' title='bbox 1291 2451 1407 2499; x_wconf 89' lang='lat' dir='ltr'>agas</span> <span class='ocrx_word' id='word_1_246' title='bbox 1431 2435 1559 2498; x_wconf 88' lang='lat' dir='ltr'>quid,</span> <span class='ocrx_word' id='word_1_247' title='bbox 1579 2451 1732 2498; x_wconf 90' lang='lat' dir='ltr'>neque</span> <span class='ocrx_word' id='word_1_248' title='bbox 1751 2434 1789 2481; x_wconf 89' lang='lat' dir='ltr'>si</span> <span class='ocrx_word' id='word_1_249' title='bbox 1813 2451 1920 2482; x_wconf 87' lang='lat' dir='ltr'>cum</span> 
     </span>
     <span class='ocr_line' id='line_1_30' title="bbox 307 2509 1921 2573; baseline -0.001 -16"><span class='ocrx_word' id='word_1_250' title='bbox 307 2512 454 2557; x_wconf 90' lang='lat' dir='ltr'>altero</span> <span class='ocrx_word' id='word_1_251' title='bbox 491 2509 754 2564; x_wconf 84' lang='lat' dir='ltr'>contrahas,</span> <span class='ocrx_word' id='word_1_252' title='bbox 781 2525 947 2556; x_wconf 86' lang='lat' dir='ltr'>vacare</span> <span class='ocrx_word' id='word_1_253' title='bbox 982 2509 1133 2556; x_wconf 89' lang='lat' dir='ltr'>officio</span> <span class='ocrx_word' id='word_1_254' title='bbox 1157 2515 1345 2572; x_wconf 86' lang='lat' dir='ltr'>potest:</span> <span class='ocrx_word' id='word_1_255' title='bbox 1388 2510 1435 2556; x_wconf 89' lang='lat' dir='ltr'>in</span> <span class='ocrx_word' id='word_1_256' title='bbox 1459 2525 1608 2573; x_wconf 91' lang='lat' dir='ltr'>eoque</span> <span class='ocrx_word' id='word_1_257' title='bbox 1643 2515 1691 2555; x_wconf 88' lang='lat' dir='ltr'>et</span> <span class='ocrx_word' id='word_1_258' title='bbox 1724 2509 1921 2556; x_wconf 89' lang='lat' dir='ltr'>colendo</span> 
     </span>
     <span class='ocr_line' id='line_1_31' title="bbox 306 2584 1917 2648; baseline 0 -16"><span class='ocrx_word' id='word_1_259' title='bbox 306 2585 397 2632; x_wconf 87' lang='lat' dir='ltr'>sita</span> <span class='ocrx_word' id='word_1_260' title='bbox 436 2585 546 2632; x_wconf 76' lang='lat' dir='ltr'>vitae</span> <span class='ocrx_word' id='word_1_261' title='bbox 597 2590 670 2631; x_wconf 89' lang='lat' dir='ltr'>est</span> <span class='ocrx_word' id='word_1_262' title='bbox 703 2585 925 2630; x_wconf 89' lang='lat' dir='ltr'>honestas</span> <span class='ocrx_word' id='word_1_263' title='bbox 967 2584 1130 2639; x_wconf 91' lang='lat' dir='ltr'>omnis,</span> <span class='ocrx_word' id='word_1_264' title='bbox 1173 2589 1221 2630; x_wconf 89' lang='lat' dir='ltr'>et</span> <span class='ocrx_word' id='word_1_265' title='bbox 1261 2584 1308 2630; x_wconf 86' lang='lat' dir='ltr'>in</span> <span class='ocrx_word' id='word_1_266' title='bbox 1341 2584 1624 2648; x_wconf 84' lang='lat' dir='ltr'>negligendo</span> <span class='ocrx_word' id='word_1_267' title='bbox 1657 2584 1917 2646; x_wconf 82' lang='lat' dir='ltr'>turpitudo.</span> 
     </span>
     <span class='ocr_line' id='line_1_32' title="bbox 255 2658 1918 2723; baseline -0.001 -16"><span class='ocrx_word' id='word_1_268' title='bbox 255 2664 281 2707; x_wconf 84' lang='lat'>4</span> <span class='ocrx_word' id='word_1_269' title='bbox 307 2661 470 2723; x_wconf 92' lang='lat' dir='ltr'>Atque</span> <span class='ocrx_word' id='word_1_270' title='bbox 494 2660 602 2706; x_wconf 86' lang='lat' dir='ltr'>haec</span> <span class='ocrx_word' id='word_1_271' title='bbox 627 2659 818 2721; x_wconf 88' lang='lat' dir='ltr'>quidem</span> <span class='ocrx_word' id='word_1_272' title='bbox 855 2658 1057 2721; x_wconf 80' lang='lat' dir='ltr'>quaestio</span> <span class='ocrx_word' id='word_1_273' title='bbox 1082 2659 1342 2705; x_wconf 89' lang='lat' dir='ltr'>communis</span> <span class='ocrx_word' id='word_1_274' title='bbox 1367 2665 1439 2705; x_wconf 88' lang='lat' dir='ltr'>est</span> <span class='ocrx_word' id='word_1_275' title='bbox 1473 2659 1680 2705; x_wconf 87' lang='lat' dir='ltr'>omnium</span> <span class='ocrx_word' id='word_1_276' title='bbox 1715 2658 1918 2721; x_wconf 88' lang='lat' dir='ltr'>philoso-</span> 
     </span>
     <span class='ocr_line' id='line_1_33' title="bbox 308 2733 1917 2798; baseline -0.001 -18"><span class='ocrx_word' id='word_1_277' title='bbox 308 2735 524 2798; x_wconf 90' lang='lat' dir='ltr'>phorum.</span> <span class='ocrx_word' id='word_1_278' title='bbox 580 2733 694 2789; x_wconf 80' lang='lat' dir='ltr'>Quis</span> <span class='ocrx_word' id='word_1_279' title='bbox 719 2739 791 2779; x_wconf 88' lang='lat' dir='ltr'>est</span> <span class='ocrx_word' id='word_1_280' title='bbox 816 2734 952 2787; x_wconf 87' lang='lat' dir='ltr'>enim,</span> <span class='ocrx_word' id='word_1_281' title='bbox 971 2733 1051 2795; x_wconf 90' lang='lat' dir='ltr'>qui</span> <span class='ocrx_word' id='word_1_282' title='bbox 1074 2733 1212 2779; x_wconf 88' lang='lat' dir='ltr'>nullis</span> <span class='ocrx_word' id='word_1_283' title='bbox 1238 2733 1372 2780; x_wconf 88' lang='lat' dir='ltr'>officii</span> <span class='ocrx_word' id='word_1_284' title='bbox 1399 2733 1653 2797; x_wconf 80' lang='lat' dir='ltr'>praeceptis</span> <span class='ocrx_word' id='word_1_285' title='bbox 1677 2733 1917 2779; x_wconf 82' lang='lat' dir='ltr'>tradendis</span> 
     </span>
    </p>

    <p class='ocr_par' dir='ltr' id='par_1_10' title="bbox 256 2807 1918 3095">
     <span class='ocr_line' id='line_1_34' title="bbox 256 2807 1918 2873; baseline -0.001 -18"><span class='ocrx_word' id='word_1_286' title='bbox 256 2817 281 2859; x_wconf 93' lang='lat'>5</span> <span class='ocrx_word' id='word_1_287' title='bbox 309 2809 645 2873; x_wconf 87' lang='lat' dir='ltr'>philosophum</span> <span class='ocrx_word' id='word_1_288' title='bbox 682 2823 731 2853; x_wconf 91' lang='lat' dir='ltr'>se</span> <span class='ocrx_word' id='word_1_289' title='bbox 767 2807 941 2853; x_wconf 86' lang='lat' dir='ltr'>audeat</span> <span class='ocrx_word' id='word_1_290' title='bbox 976 2808 1165 2854; x_wconf 76' lang='lat' dir='ltr'>dicere?</span> <span class='ocrx_word' id='word_1_291' title='bbox 1237 2807 1334 2854; x_wconf 83' lang='lat' dir='ltr'>Sed</span> <span class='ocrx_word' id='word_1_292' title='bbox 1370 2813 1478 2854; x_wconf 88' lang='lat' dir='ltr'>sunt</span> <span class='ocrx_word' id='word_1_293' title='bbox 1513 2807 1748 2854; x_wconf 85' lang='lat' dir='ltr'>nonnullae</span> <span class='ocrx_word' id='word_1_294' title='bbox 1783 2807 1918 2854; x_wconf 87' lang='lat' dir='ltr'>disci·</span> 
     </span>
     <span class='ocr_line' id='line_1_35' title="bbox 308 2881 1918 2947; baseline -0.001 -17"><span class='ocrx_word' id='word_1_295' title='bbox 308 2883 465 2947; x_wconf 87' lang='lat' dir='ltr'>plinae,</span> <span class='ocrx_word' id='word_1_296' title='bbox 491 2899 597 2945; x_wconf 83' lang='lat' dir='ltr'>quae</span> <span class='ocrx_word' id='word_1_297' title='bbox 637 2882 887 2945; x_wconf 87' lang='lat' dir='ltr'>propositis</span> <span class='ocrx_word' id='word_1_298' title='bbox 921 2883 1151 2929; x_wconf 89' lang='lat' dir='ltr'>bonorum</span> <span class='ocrx_word' id='word_1_299' title='bbox 1187 2888 1235 2929; x_wconf 92' lang='lat' dir='ltr'>et</span> <span class='ocrx_word' id='word_1_300' title='bbox 1268 2882 1499 2929; x_wconf 88' lang='lat' dir='ltr'>malorum</span> <span class='ocrx_word' id='word_1_301' title='bbox 1522 2882 1690 2929; x_wconf 90' lang='lat' dir='ltr'>finibus</span> <span class='ocrx_word' id='word_1_302' title='bbox 1715 2881 1918 2929; x_wconf 89' lang='lat' dir='ltr'>officium</span> 
     </span>
     <span class='ocr_line' id='line_1_36' title="bbox 257 2955 1917 3020; baseline -0.001 -17"><span class='ocrx_word' id='word_1_303' title='bbox 257 2962 282 3004; x_wconf 75' lang='grc' dir='ltr'><em>ὅ</em></span> <span class='ocrx_word' id='word_1_304' title='bbox 310 2973 448 3004; x_wconf 88' lang='lat' dir='ltr'>omne</span> <span class='ocrx_word' id='word_1_305' title='bbox 473 2962 760 3020; x_wconf 85' lang='lat' dir='ltr'>pervertunt.</span> <span class='ocrx_word' id='word_1_306' title='bbox 820 2956 945 3002; x_wconf 88' lang='lat' dir='ltr'>Nam</span> <span class='ocrx_word' id='word_1_307' title='bbox 970 2957 1050 3019; x_wconf 89' lang='lat' dir='ltr'>qui</span> <span class='ocrx_word' id='word_1_308' title='bbox 1074 2973 1312 3004; x_wconf 89' lang='lat' dir='ltr'>summum</span> <span class='ocrx_word' id='word_1_309' title='bbox 1338 2958 1513 3004; x_wconf 91' lang='lat' dir='ltr'>bonum</span> <span class='ocrx_word' id='word_1_310' title='bbox 1537 2956 1601 3003; x_wconf 90' lang='lat' dir='ltr'>sic</span> <span class='ocrx_word' id='word_1_311' title='bbox 1624 2955 1836 3010; x_wconf 85' lang='lat' dir='ltr'>instituit,</span> <span class='ocrx_word' id='word_1_312' title='bbox 1863 2962 1917 3002; x_wconf 82' lang='lat' dir='ltr'>ut</span> 
     </span>
     <span class='ocr_line' id='line_1_37' title="bbox 309 3029 1912 3095; baseline -0.001 -18"><span class='ocrx_word' id='word_1_313' title='bbox 309 3032 421 3078; x_wconf 88' lang='lat' dir='ltr'>nihil</span> <span class='ocrx_word' id='word_1_314' title='bbox 455 3032 629 3079; x_wconf 86' lang='lat' dir='ltr'>habeat</span> <span class='ocrx_word' id='word_1_315' title='bbox 665 3047 771 3077; x_wconf 88' lang='lat' dir='ltr'>cum</span> <span class='ocrx_word' id='word_1_316' title='bbox 797 3030 967 3077; x_wconf 86' lang='lat' dir='ltr'>virtute</span> <span class='ocrx_word' id='word_1_317' title='bbox 994 3031 1310 3095; x_wconf 87' lang='lat' dir='ltr'>conjunctum,</span> <span class='ocrx_word' id='word_1_318' title='bbox 1336 3031 1478 3095; x_wconf 88' lang='lat' dir='ltr'>idque</span> <span class='ocrx_word' id='word_1_319' title='bbox 1513 3031 1608 3077; x_wconf 88' lang='lat' dir='ltr'>suis</span> <span class='ocrx_word' id='word_1_320' title='bbox 1644 3029 1912 3086; x_wconf 76' lang='lat' dir='ltr'>commodis,</span> 
     </span>
    </p>
   </div>
  </div>
 </body>
</html>
