2054 3470
750 226 891 259 LIBER
915 231 947 260 1.
1020 230 1128 260 CAP.
1157 231 1245 259 xri.
1756 219 1808 261 53

123 337 295 383 tionem
338 354 495 384 rerum
535 337 658 400 aptis
699 343 746 383 et
787 337 1155 384 accommodatis
1197 337 1337 384 locis:
1375 337 1532 383 locum
1573 346 1731 383 autem

120 412 323 466 actionis,
346 413 747 475 opportunitatem
771 412 996 475 temporis
1021 428 1123 458 csse
1148 412 1331 458 dicunt:
1359 418 1547 474 tempus
1572 420 1729 459 autem

119 487 311 533 actionis
346 494 667 550 opportunum
711 489 879 534 Graece
915 480 1130 551 εὖκαιξία,
1160 487 1326 533 Latine
1362 487 1630 550 appellatur
1655 504 1728 534 oc-

120 563 255 609 casio.
327 563 404 609 Sic
429 563 494 617 fit,
520 569 574 609 ut
598 562 829 609 modestia
864 563 985 617 haec,
1013 578 1156 625 quam
1181 562 1246 608 ita
1270 562 1650 625 interpretamur,
1677 568 1731 608 ut
1762 571 1778 607 ,1

120 638 225 691 dixi,
253 638 444 684 scientia
468 637 527 683 sit
551 638 918 700 opportunitatis
953 637 1228 683 idoneorum
1253 637 1313 682 ad
1339 636 1577 700 agendum
1612 643 1729 683 tem-

122 729 302 774 porum.
374 713 469 758 Sed
495 718 653 776 potest
677 712 845 759 eadem
869 728 971 759 esse
997 712 1263 774 prudentiae
1304 711 1525 766 definitio,
1552 711 1612 757 de
1637 728 1725 774 qua
1757 720 1782 758 5

121 787 343 849 principio
381 787 612 834 diximus:
650 788 740 834 1100
778 795 939 833 autem
976 787 1080 834 loco
1106 787 1165 833 de
1189 787 1511 833 moderatione
1538 791 1585 831 et
1612 792 1728 832 tem-

119 862 328 924 perantia
365 870 413 909 et
451 879 612 909 earum
652 863 878 909 similibus
907 863 1163 909 virtutibus
1202 861 1472 924 quaerimus.
1545 862 1728 924 Itaque,

117 954 223 999 quae
274 945 406 984 erant
453 938 715 1001 prudentiae
760 938 962 1001 propria,
1007 954 1092 984 500
1138 937 1242 984 1000
1284 937 1411 983 dicta
1451 942 1588 982 sunt:
1625 953 1732 999 quae

117 1020 276 1059 autem
317 1013 484 1059 harum
509 1013 749 1067 virtutum,
789 1013 847 1058 de
883 1013 1053 1075 quibus
1091 1013 1192 1075 jam
1227 1012 1309 1058 diu
1344 1012 1592 1074 loquimur,
1620 1028 1727 1074 quae

118 1088 349 1150 pertinent
385 1088 446 1134 ad
471 1088 814 1143 verecundiam,
843 1095 890 1135 et
914 1088 975 1133 ad
1001 1103 1163 1134 eorum
1199 1087 1603 1150 approbationem,
1630 1087 1728 1149 qui-

118 1165 315 1209 buscum
339 1163 551 1217 vivimus,
577 1180 699 1209 nunc
741 1163 940 1209 dicenda
975 1168 1097 1209 sunt.
1170 1163 1294 1208 Talis
1337 1168 1409 1208 est
1445 1162 1588 1225 igitur
1612 1162 1728 1208 ordo
1756 1167 1782 1208 6

116 1238 350 1284 actionum
390 1238 703 1292 adhibendus,
741 1244 808 1292 ut,
847 1237 1250 1300 quemadmodum
1286 1238 1333 1283 in
1370 1238 1577 1283 oratione
1620 1254 1728 1283 con-

115 1313 269 1367 stanti,
297 1313 358 1359 sic
396 1313 442 1359 in
466 1313 561 1359 vita
596 1313 750 1359 omnia
785 1312 877 1358 sint
915 1319 1028 1375 apta
1065 1312 1186 1358 inter
1223 1328 1272 1358 se
1311 1319 1358 1358 et
1396 1312 1727 1359 convenientia.

115 1388 270 1450 Turpe
295 1394 365 1434 est
391 1388 513 1434 enim
534 1388 763 1450 valdeque
779 1387 1010 1442 vitiosum,
1031 1387 1077 1433 in
1101 1403 1150 1434 re
1177 1403 1340 1434 severa
1365 1387 1562 1434 convivii
1588 1388 1727 1442 dicta,
1757 1388 1780 1433 7

115 1470 195 1508 aut
219 1463 473 1509 delicatum
497 1463 698 1526 aliquem
718 1463 886 1508 inferre
907 1479 1184 1509 sermonem.
1235 1463 1364 1509 Bene
1381 1463 1603 1517 Pericles,
1623 1479 1729 1509 cum
1756 1468 1782 1508 8

115 1539 309 1584 haberet
345 1538 573 1601 collegam
611 1538 657 1584 in
696 1544 904 1601 praetura
940 1538 1224 1600 Sophoclea,
1250 1537 1374 1600 iique
1410 1538 1470 1583 de
1495 1538 1729 1584 communi

116 1613 263 1659 officio
305 1614 643 1668 convenissent,
681 1620 729 1659 et
771 1629 883 1659 casu
925 1613 1159 1659 formosus
1197 1628 1314 1676 puer
1349 1613 1624 1676 praeteriret,
1662 1613 1727 1659 di-

116 1689 350 1751 xissetque
375 1688 651 1751 Sophocles,
675 1688 715 1734 O
736 1705 934 1751 puerum
961 1688 1228 1751 pulchrum,
1250 1688 1454 1734 Pericle!
1512 1689 1583 1733 At
1607 1687 1728 1734 enim

115 1769 378 1826 praetorem,
422 1764 671 1826 Sophocle,
716 1764 853 1809 decet
900 1780 993 1810 non
1041 1764 1195 1809 solum
1236 1779 1415 1817 manus,
1460 1763 1543 1809 sed
1587 1763 1728 1809 etiam

115 1840 274 1886 oculos
297 1840 582 1886 abstinentes
607 1839 795 1885 habere.
866 1840 1030 1901 Atque
1055 1839 1144 1885 hoc
1170 1838 1296 1885 idem
1333 1838 1594 1902 Sophocles
1621 1838 1659 1884 si
1682 1838 1728 1884 in

115 1915 398 1961 athletarum
422 1914 693 1977 probatione
713 1913 926 1967 dixisset,
949 1915 1079 1976 justa
1097 1914 1461 1976 reprehensione
1478 1913 1726 1972 caruisset:

115 1996 246 2036 tanta
278 1990 347 2036 vis
385 1995 458 2035 est
496 1994 543 2035 et
577 1989 667 2035 1001
702 1994 749 2034 et
782 1989 1021 2051 temporis.
1093 1989 1175 2042 Ut,
1203 1988 1240 2034 si
1273 1977 1502 2051 qui‚'cum
1537 2003 1726 2034 causam
1754 1994 1781 2035 9

115 2065 174 2110 sit
198 2071 402 2118 act-urus,
429 2064 475 2110 in
498 2063 663 2109 itinere
689 2069 771 2109 aut
805 2063 851 2109 in
886 2064 1204 2110 ambulatione
1242 2079 1404 2109 secum
1444 2063 1545 2125 ipse
1581 2063 1727 2109 medi-

116 2146 253 2194 tetur,
281 2145 362 2184 aut
386 2139 423 2184 si
448 2138 560 2202 quid
585 2138 711 2184 aliud
736 2138 961 2184 attentius
987 2138 1178 2201 cogitet,
1204 2154 1298 2184 non
1321 2137 1723 2200 reprehendatur:

115 2221 164 2260 at
189 2215 277 2260 1100
302 2214 426 2260 idem
452 2214 488 2259 si
512 2213 555 2259 in
594 2213 802 2259 convivio
842 2213 998 2267 faciat,
1025 2214 1308 2259 inhumanus
1332 2213 1563 2267 videatur,
1590 2212 1724 2259 insci-

117 2290 179 2335 tia
219 2288 456 2351 temporis.
527 2288 623 2334 Sed
649 2304 717 2343 ea,
745 2304 853 2350 quae
887 2288 1090 2334 multum
1129 2289 1189 2334 ab
1225 2288 1516 2334 humanitate
1555 2288 1726 2334 discre-
1756 2294 1812 2334 10

118 2371 242 2427 pant,
270 2371 336 2418 ut,
364 2364 402 2410 si
425 2363 527 2426 quis
565 2363 611 2409 in
648 2363 749 2409 soro
788 2370 958 2418 cantet,
997 2369 1079 2409 aut
1116 2364 1153 2409 si
1191 2379 1283 2425 qua
1323 2369 1394 2409 est
1432 2363 1521 2409 alia
1555 2379 1728 2427 magna

118 2439 409 2503 perversitas,
437 2439 570 2485 facile
595 2444 839 2501 apparent,
865 2455 950 2484 nec
976 2454 1148 2501 magno
1184 2454 1327 2501 opere
1363 2438 1728 2484 admonitionem

118 2524 163 2560 et
189 2521 431 2577 praecepta
455 2513 735 2560 desiderant.
792 2514 910 2569 Quae
935 2519 1094 2559 autem
1120 2529 1265 2576 parva
1278 2513 1495 2559 videntur
1519 2528 1620 2559 esse
1646 2512 1725 2558 de-
1756 2517 1807 2558 11

120 2591 239 2643 licta,
265 2605 417 2651 neque
442 2605 468 2634 a
492 2588 651 2634 multis
690 2589 886 2652 intelligi
925 2595 1137 2651 possunt,
1164 2589 1225 2638 ab
1260 2588 1312 2634 iis
1349 2594 1420 2635 est
1458 2587 1726 2651 diligentius

119 2664 460 2710 declinandum.
531 2664 599 2710 Ut
635 2663 682 2709 in
722 2663 893 2709 fidibus
931 2669 1014 2709 aut
1048 2663 1095 2709 in
1130 2663 1266 2718 tibiis,
1293 2663 1506 2726 quamvis
1531 2661 1726 2725 paulum
1755 2666 1808 2706 1‘2

120 2739 397 2800 discrepent,
423 2744 581 2784 tamen
612 2738 659 2784 id
685 2754 712 2784 a
737 2738 911 2784 sciente
948 2737 1258 2784 animadverti
1296 2738 1443 2784 solet:
1480 2737 1542 2783 510
1568 2736 1724 2783 viden-

120 2814 233 2860 dum
269 2819 340 2859 est
363 2813 409 2858 in
434 2813 542 2867 vita,
580 2829 638 2860 ne
675 2813 798 2859 forte
836 2812 951 2875 quid
986 2813 1251 2876 discrepet;
1288 2813 1363 2859 vel
1399 2813 1549 2858 multo
1587 2811 1727 2857 etiam

120 2888 283 2952 magis,
310 2903 404 2950 quo
441 2887 592 2949 major
629 2894 676 2933 et
715 2887 875 2933 melior
912 2887 1163 2942 actionum,
1191 2903 1333 2950 quam
1358 2902 1591 2939 sonorum,
1619 2900 1726 2931 con-

122 2970 283 3010 centus
308 2967 392 3009 cst.
461 2962 588 3009 XLI.
625 2963 807 3023 Itaque,
834 2968 888 3007 ut
911 2962 957 3007 in
981 2962 1151 3008 fidibus
1177 2961 1463 3007 musicorum
1487 2975 1625 3005 aures
1650 2958 1727 3005 vel

117 3037 308 3083 minima
333 3037 563 3083 sentiunt:
602 3036 664 3082 sic
690 3052 788 3089 1105,
816 3036 852 3081 51
878 3052 1007 3082 acres
1032 3053 1085 3082 ac
1111 3035 1357 3098 diligentes
1382 3050 1483 3080 esse
1507 3034 1727 3080 volumus

654 3389 827 3398 mamm.
873 3357 926 3399 ss
973 3356 1437 3411 „frssass‘ssnffxdxss

846 3432 1112 3470 ‚afflante
1384 3417 1441 3427 “⁴
