2054 3470
103 270 125 297 ὴ
637 260 777 289 LIBER
802 259 852 289 11.
924 258 1032 288 CAP.
1060 258 1196 288 xvm.
1709 238 1762 285 77

376 369 621 429 Bencgfacta
645 367 764 413 male
789 367 946 419 locata,
974 366 1215 426 malefacta
1239 364 1449 409 arbitror.

84 444 221 501 Quod
244 450 403 490 autem
428 443 660 489 tributum
684 447 756 488 est
792 441 918 487 bono
942 440 1040 486 viro
1079 445 1128 486 et
1165 444 1316 502 grato,
1342 437 1387 484 in
1412 454 1467 483 eo
1493 453 1603 483 cum
1627 453 1684 482 ex
1710 441 1734 482 4

81 520 182 583 ipso
207 520 387 565 fructus
413 525 498 573 est,
525 523 629 563 tum
654 516 794 562 etiam
820 531 878 561 ex
902 514 1081 561 ceteris,
1151 513 1432 559 Temeritate
1469 512 1589 557 enim
1614 527 1682 556 re·
1710 519 1736 558 5

81 601 222 649 mota,
249 593 516 658 gratissima
540 597 612 637 est
648 590 927 644 liberalitas;
967 605 1115 651 eoque
1141 604 1245 634 eam
1269 587 1523 633 studiosius
1548 586 1684 649 pleri-

82 685 173 731 que
197 668 407 721 laudant,
435 666 562 729 quod
587 665 759 711 summi
783 663 1012 727 cujusque
1046 663 1229 710 bonitas
1256 677 1503 708 commune
1529 661 1687 724 perfu-

82 744 212 808 gium
237 749 310 789 est
334 742 553 788 omnium.
623 739 796 786 Danda
830 739 974 802 igitur
1008 754 1153 801 opera
1187 743 1272 791 est,
1299 743 1353 782 ut
1376 736 1430 783 iis
1454 735 1688 783 beneficiis
1714 739 1739 780 6

82 833 223 880 quam
260 816 488 879 plurimos
513 815 783 869 afficiamus,
811 830 1012 877 quorum
1037 812 1264 859 memoria
1286 811 1442 858 liberis
1467 809 1686 874 posteris-

48 933 50 936 .
84 908 176 956 que
212 891 455 955 prodatur,
481 896 535 936 ut
561 890 613 936 iis
637 889 831 952 ingratis
871 904 973 934 esse
1011 904 1105 933 non
1139 887 1289 934 liceat.
1360 887 1535 933 Omnes
1570 884 1691 930 enim
1718 884 1741 930 7

84 967 403 1014 immemorem
428 964 638 1011 beneficii
655 964 870 1017 oderunt,
886 978 1085 1025 eamque
1109 962 1326 1025 injuriam
1345 961 1391 1007 in
1411 959 1691 1007 deterrenda

85 1041 364 1088 liberalitate
406 1039 493 1086 sibi
533 1039 674 1085 etiam
711 1038 822 1093 fieri,
850 1054 1067 1100 eumque,
1094 1037 1173 1100 qui
1210 1036 1365 1090 faciat,
1393 1050 1690 1082 communem

87 1117 273 1163 hostem
298 1115 564 1161 tenuiorum
601 1119 784 1177 putant.
854 1113 1018 1175 Atque
1043 1113 1150 1159 haec
1175 1111 1438 1175 benignitas
1463 1110 1603 1156 etiam
1627 1109 1693 1155 rei
1718 1114 1745 1155 8

87 1191 291 1255 publicae
320 1196 391 1235 est
415 1189 555 1243 utilis,
581 1188 748 1234 redimi
783 1204 808 1233 e
847 1188 1070 1233 servitute
1109 1193 1288 1249 captos,
1315 1184 1591 1248 locupletari
1624 1189 1691 1230 te-

87 1265 270 1312 nuiores
291 1280 300 1310 t
339 1264 466 1327 quod
492 1263 683 1326 quidem
710 1263 851 1326 vulgo
891 1263 1083 1308 solitum
1126 1261 1225 1307 fieri
1249 1262 1307 1307 ab
1333 1261 1494 1307 ordine
1518 1265 1693 1313 nostr0‚

87 1342 132 1386 in
174 1340 381 1386 oratione
409 1339 568 1384 Crassi
607 1338 836 1400 scriptum
879 1337 1065 1399 copiose
1106 1336 1332 1383 videmus.
1404 1335 1540 1381 Hanc
1583 1349 1694 1397 ergo
1723 1339 1749 1379 9

88 1415 472 1462 consuetudinem
499 1413 800 1476 benignitatis
838 1411 1070 1475 largitioni
1108 1427 1356 1457 munerum
1393 1410 1532 1473 longe
1567 1415 1697 1454 ante-

90 1506 227 1553 pono.
300 1490 421 1535 Haec
461 1494 532 1534 est
569 1488 782 1552 gravium
819 1487 1062 1533 hominum
1100 1492 1243 1548 atque
1277 1500 1585 1547 magnorum;
1620 1484 1698 1530 illa

90 1566 222 1629 quasi
262 1570 607 1610 assentatorum
644 1562 822 1626 populi,
847 1561 1156 1608 multitudinis
1191 1561 1432 1607 levitatem
1454 1560 1699 1622 voluptate

91 1641 223 1704 quasi
247 1639 546 1686 titillantium.
586 1638 843 1684 Conveniet
867 1643 1025 1683 autem
1053 1654 1159 1683 cum
1185 1636 1230 1682 in
1249 1636 1405 1682 dando
1430 1635 1700 1681 munificum
1728 1638 1786 1679 10

92 1732 207 1770 esse,
237 1722 339 1761 tum
373 1715 419 1760 in
459 1713 689 1778 exigendo
725 1729 817 1758 non
843 1713 1094 1765 acerbum;
1131 1711 1177 1757 in
1202 1710 1420 1773 omnique
1444 1726 1494 1756 re
1519 1715 1700 1756 contra·

92 1791 260 1844 henda,
288 1789 549 1843 vendendo,
577 1788 790 1842 emendo,
813 1787 1135 1841 conducendo,
1157 1786 1371 1840 locandO,
1389 1784 1702 1831 vicinitatibus

93 1874 139 1912 et
165 1865 369 1912 confiniis
396 1880 582 1926 aequum
609 1869 655 1909 et
690 1863 891 1917 facilem,
916 1862 1067 1908 multa
1101 1862 1262 1907 multis
1297 1860 1356 1906 de
1387 1860 1492 1923 jure
1519 1876 1604 1906 suo
1629 1874 1702 1905 ce-

94 1941 298 1994 dentem,
336 1956 363 1985 a
405 1940 564 1985 litibus
590 1954 716 1992 vero,
744 1943 974 2000 quantum
1014 1937 1164 1991 liceat,
1193 1942 1240 1982 et
1274 1936 1428 1982 nescio
1466 1952 1535 1980 an·
1562 1934 1704 1998 paulo

96 2017 202 2078 plus
227 2015 368 2061 etiam
395 2030 535 2076 quam
560 2013 711 2067 liceat,
739 2013 1085 2059 abhorrentem.
1155 2012 1243 2057 Est
1278 2011 1399 2057 enim
1434 2026 1527 2055 non
1560 2008 1703 2055 modo
1732 2013 1781 2054 1]

96 2090 301 2140 liberale,
329 2089 523 2151 paulum
557 2103 891 2149 nonnunquam
915 2086 974 2133 de
1000 2103 1084 2132 suo
1116 2086 1222 2149 jure
1248 2085 1491 2139 decedere,
1519 2084 1602 2130 sed
1637 2083 1703 2129 in-

97 2165 282 2212 terdum
309 2164 450 2210 etiam
476 2163 787 2209 fructuosum.
858 2161 1092 2208 Habenda
1128 2167 1286 2206 autem
1310 2160 1427 2206 ratio
1453 2165 1525 2206 est
1549 2159 1614 2205 rei
1639 2159 1704 2204 fa·
1735 2163 1791 2203 12

97 2239 297 2293 miliaris‚
316 2254 457 2301 quam
477 2237 666 2300 quidem
686 2237 828 2283 dilabi
853 2237 1015 2291 sinere,
1037 2237 1321 2300 flagitiosum
1340 2242 1425 2289 est,
1447 2234 1529 2281 sed
1555 2234 1633 2288 ita,
1653 2240 1707 2278 ut

99 2313 417 2362 illiberalitatis
444 2313 740 2375 avaritiaeque
766 2312 888 2359 absit
913 2312 1130 2374 suspicio.
1189 2311 1337 2357 Posse
1362 2311 1483 2356 enim
1510 2308 1706 2356 liberali·
1736 2313 1792 2354 13

99 2396 197 2436 tate
222 2389 306 2444 uti,
332 2404 426 2434 non
451 2388 730 2451 spoliantem
755 2403 805 2433 se
831 2387 1123 2450 patrimonio,
1150 2386 1366 2432 nimirum
1392 2391 1464 2432 est
1499 2384 1710 2448 pecuniae

102 2465 283 2510 fructus
307 2463 552 2509 maximus
607 2463 755 2509 Recte
775 2462 915 2508 etiam
934 2477 962 2507 a
980 2462 1307 2524 Theophrasto
1327 2468 1398 2506 est
1415 2460 1609 2506 laudata
1627 2460 1708 2504 ho-
1739 2462 1794 2503 14

101 2539 344 2603 spitalitas.
413 2538 501 2584 Est
519 2538 654 2591 enim,
673 2544 726 2583 ut
749 2537 863 2582 mihi
886 2536 1076 2599 quidem
1095 2536 1294 2590 videtur,
1315 2535 1452 2581 valde
1472 2535 1710 2587 decorum,

105 2621 267 2677 patere
283 2613 452 2659 domus
467 2600 709 2659 ho'minum
723 2612 974 2659 illustrium
990 2612 1248 2658 illustribus
1265 2610 1550 2673 hospitibus:
1571 2609 1711 2671 idque

105 2689 246 2735 etiam
281 2688 348 2734 rei
385 2689 590 2751 publicae
629 2694 701 2734 est
743 2694 1030 2742 ornamento,
1056 2686 1269 2733 homines
1305 2693 1521 2732 externos
1545 2685 1635 2730 hoe
1660 2684 1710 2729 li-

105 2762 362 2810 beralitatis
387 2779 556 2826 genere
575 2763 619 2808 in
638 2764 753 2810 urbe
778 2769 938 2808 nostra
956 2779 1047 2808 non
1068 2777 1221 2825 egere.
1291 2761 1378 2806 Est
1396 2766 1554 2806 autem
1574 2759 1712 2804 etiam
1742 2764 1796 2803 15

108 2839 411 2885 vehementer
434 2837 547 2883 utile
583 2838 650 2892 iis,
678 2838 758 2899 qui
792 2839 988 2884 honeste
1025 2852 1164 2899 posse
1198 2835 1401 2881 multum
1425 2835 1602 2886 volunt,
1630 2849 1714 2895 per

108 2914 316 2977 hospites
330 2912 457 2975 apud
475 2918 690 2958 externos
708 2913 908 2975 populos
925 2913 1079 2958 valere
1096 2911 1264 2974 opibus
1281 2916 1327 2956 et
1343 2910 1507 2973 gratia.
1562 2909 1709 2953 Theo·
1741 2911 1796 2952 1ss

109 2989 331 3052 phrastus
356 2987 545 3050 quidem
571 2987 741 3041 scribit,
771 2987 1013 3033 Cimonem
1037 2985 1239 3031 Athenis
1266 2985 1405 3030 etiam
1430 2983 1475 3029 in
1500 2997 1609 3027 suos
1634 2997 1713 3027 cu-

112 3063 243 3109 riales
259 3062 486 3108 Laciadas
510 3061 789 3124 hospitalem
814 3061 969 3107 fuisse.
1042 3062 1117 3106 Ita
1137 3059 1258 3106 enim
1278 3057 1544 3111 instituisse,
1566 3061 1613 3102 et
1632 3055 1714 3103 vil-
