2054 3470
230 3069 259 3102 „74

286 225 344 266 40
981 238 1041 267 DE
1069 237 1279 267 ormena

368 349 442 390 tos
483 360 584 389 esse
621 344 861 407 personis:
899 360 1099 407 quarum
1140 361 1235 391 una
1270 344 1529 392 communis
1565 348 1650 398 est,
1677 360 1734 389 ex
1759 359 1828 398 eo,
1856 343 1982 406 quod

367 435 528 465 omnes
571 419 822 482 participes
866 436 1028 465 sumus
1068 420 1260 466 rationis
1303 419 1685 484 praestantiaeque
1731 419 1848 482 ejus,
1892 434 1981 481 qua

367 495 687 541 antecellimus
713 495 888 549 bestiis,
916 511 944 540 a
968 511 1062 557 qua
1087 511 1222 541 omne
1258 495 1509 541 honestum
1547 494 1866 556 decorumque
1891 499 1980 538 tra-

368 569 508 624 hitur,
552 576 600 615 et
640 586 698 615 ex
739 585 832 632 qua
873 570 991 616 ratio
1027 570 1289 616 inveniendi
1331 570 1467 616 officii
1509 568 1793 631 exquiritur:
1838 568 1983 614 altera

314 650 339 690 8
367 649 540 699 autem,
567 661 674 707 quae
703 644 889 707 proprie
916 644 1109 708 singulis
1145 651 1216 691 est
1250 645 1439 692 tributa.
1510 645 1578 690 Ut
1603 643 1725 690 enim
1748 643 1794 689 in
1819 658 1983 705 corpo-

366 718 495 764 ribus
533 735 721 783 magnae
760 719 1158 765 dissimilitudines
1195 726 1318 774 sunt,
1359 720 1472 765 alios
1498 719 1712 765 videmus
1737 718 1984 764 velocitate

366 793 427 839 ad
470 810 677 849 cursum,
714 794 828 840 alios
863 795 1038 841 viribus
1075 794 1136 839 ad
1172 794 1452 840 luctandum
1477 794 1659 848 valere3
1696 793 1902 855 itemque
1939 792 1981 838 in

365 868 529 915 formis
553 869 652 915 aliis
678 869 958 932 dignitatem
981 869 1146 924 inesse,
1174 869 1273 915 aliis
1297 874 1621 915 venustatem:
1659 868 1723 914 sic
1749 868 1795 914 in
1820 866 1983 913 animis

313 948 339 989 9
367 943 573 990 existunt
608 943 813 1006 majores
849 943 990 989 etiam
1014 943 1278 995 varietates.
1350 943 1465 990 Erat
1493 942 1539 988 in
1563 943 1616 990 L.
1646 943 1832 997 Crasso,
1858 942 1903 988 in
1928 941 1980 988 L.

364 1018 588 1081 Philippo
612 1019 790 1064 multus
814 1018 975 1081 lepos:
1001 1018 1153 1081 major
1178 1018 1318 1064 etiam
1341 1018 1587 1081 magisque
1613 1017 1671 1064 de
1690 1017 1920 1063 industria
1938 1016 1980 1062 in

370 1092 423 1140 O.
452 1094 658 1147 Caesare,
685 1093 738 1139 L.
766 1093 819 1140 F.
879 1093 950 1138 At
975 1093 1141 1139 iisdem
1176 1093 1469 1156 temporibus
1497 1093 1545 1139 in
1568 1093 1633 1139 M.
1661 1093 1842 1139 Scauro
1867 1098 1914 1138 et
1938 1091 1981 1138 in

365 1168 429 1215 M.
456 1168 614 1214 Druso
639 1168 937 1215 adolescente
962 1168 1210 1232 singularis
1237 1168 1474 1222 severitaS,
1501 1168 1548 1214 in
1575 1168 1627 1215 G.
1655 1167 1798 1213 Laelio
1832 1167 1980 1213 multa

365 1243 586 1298 hilaritas,
612 1243 660 1289 in
695 1243 797 1306 ejus
832 1243 1048 1289 familiari
1087 1243 1304 1306 Scipione
1342 1244 1535 1290 ambitio
1571 1243 1735 1306 major,
1772 1242 1869 1288 vita
1904 1242 1979 1288 tri-

286 1323 340 1364 10
367 1318 493 1365 stior.
564 1318 638 1364 De
668 1318 847 1365 Graecis
882 1324 1042 1364 autem
1079 1318 1267 1364 dulcem
1294 1323 1341 1364 et
1364 1319 1587 1372 facetum,
1613 1318 1861 1380 festivique
1887 1333 1981 1363 ser-

356 1393 527 1448 monis,
570 1399 711 1456 atque
747 1393 792 1439 in
837 1393 963 1439 omni
1007 1393 1213 1439 oratione
1259 1393 1594 1448 simulatorem,
1639 1409 1780 1455 quem
1828 1394 1981 1459 ε’ίξωνα

368 1468 527 1516 Graeci
551 1468 861 1523 nominarunt,
885 1468 1129 1515 Socratem
1149 1468 1445 1531 accepimus:
1474 1474 1637 1514 contra
1654 1468 1978 1531 Pythagoram

365 1550 413 1591 et
436 1543 665 1591 Periclem
691 1560 922 1590 summam
960 1543 1288 1590 auctoritatem
1325 1549 1603 1590 consecutos
1628 1543 1724 1590 sine
1747 1543 1844 1589 ulla
1868 1543 1979 1589 hila-

285 1624 336 1666 11
365 1619 518 1666 ritate.
592 1619 829 1665 Callidum
864 1619 1180 1665 Hannibalem
1219 1634 1277 1665 ex
1311 1618 1581 1674 Paenorum,
1610 1635 1668 1665 ex
1701 1618 1871 1665 nostris
1897 1618 1975 1664 du·

366 1694 498 1741 cibus
524 1694 583 1747 Q.
613 1694 876 1740 Maximum
912 1694 1181 1757 accepimus
1213 1694 1349 1740 facile
1375 1694 1541 1749 celare,
1569 1699 1740 1748 tacere,
1769 1694 1973 1740 dissimu-

286 1775 337 1816 12
367 1770 478 1825 lare,
516 1769 734 1823 insidiari,
774 1769 1027 1832 praeripere
1062 1768 1270 1815 hostium
1306 1769 1509 1816 consilia.
1581 1770 1638 1815 In
1680 1785 1773 1832 quo
1810 1784 1979 1833 genere

368 1844 525 1891 Graeci
550 1844 913 1890 Themistoclem
950 1850 997 1890 et
1030 1844 1285 1890 Pheraeum
1323 1845 1547 1891 Jasonem
1585 1844 1748 1891 ceteris
1787 1851 1978 1908 antepo-

365 1926 509 1975 nunt;
535 1919 581 1965 in
607 1919 860 1982 primisque
877 1925 1119 1965 versutum
1143 1925 1190 1965 et
1216 1919 1437 1965 callidum
1461 1920 1642 1966 factum
1666 1919 1864 1973 Solonis,
1886 1919 1974 1981 qui,

366 2011 458 2058 quo
495 2001 542 2042 et
577 1994 723 2041 tutior
746 1995 842 2040 vita
877 1994 979 2057 ejus
1016 1999 1153 2049 esset,
1181 1999 1228 2040 et
1253 1994 1361 2057 plus
1397 1995 1636 2057 aliquanto
1671 1994 1738 2040 rei
1775 1995 1976 2057 publicae

287 2075 339 2117 13
367 2070 628 2133 prodesset,
651 2070 804 2116 furere
825 2086 873 2115 se
894 2069 1143 2115 simulavit.
1193 2069 1322 2131 *Sunt
1342 2070 1412 2115 his
1432 2070 1506 2115 alii
1525 2070 1728 2115 multum
1755 2070 1978 2132 dispareS,

367 2145 599 2207 simplices
642 2150 689 2190 et
730 2144 909 2208 aperti;
946 2144 1026 2206 qui
1068 2144 1181 2189 nihil
1223 2160 1281 2189 ex
1323 2145 1524 2199 occulto,
1561 2145 1672 2190 nihil
1711 2144 1769 2190 de
1805 2145 1977 2191 insidiis

367 2219 606 2282 agendum
643 2225 826 2282 putant,
853 2219 1061 2265 veritatis
1095 2219 1313 2273 cultoreS,
1341 2219 1517 2265 fraudis
1542 2219 1741 2274 inimici;
1778 2220 1981 2282 itemque

368 2294 455 2349 alii,
494 2294 573 2357 qui
608 2294 793 2357 quidvis
832 2294 1171 2356 perpetiantur,
1211 2294 1354 2339 cuivis
1391 2294 1670 2349 deserviant,
1699 2294 1825 2349 dum,
1854 2295 1977 2358 quod

367 2370 526 2425 velint,
554 2378 927 2432 consequantur:
964 2374 1019 2414 ut
1055 2368 1235 2415 Sullam
1272 2375 1320 2415 et
1349 2369 1412 2415 M.
1442 2369 1665 2415 Crassum
1691 2370 1977 2417 videbamus.

289 2450 343 2493 14
370 2446 475 2501 Quo
499 2444 546 2491 in
571 2459 744 2507 genere
769 2443 1142 2490 versutissimum
1165 2449 1213 2489 et
1249 2444 1645 2507 patientissimum
1680 2445 1979 2491 Lacedaemo-

367 2522 496 2567 nium
533 2519 833 2583 Lysandrum
869 2519 1164 2582 accepimus;
1202 2525 1457 2582 contraque
1496 2520 1860 2575 Callicratidam,
1901 2521 1978 2583 qui

289 2603 342 2644 15
371 2596 625 2659 praefectus
652 2594 810 2641 classis
836 2595 1077 2658 proximus
1112 2600 1221 2657 post
1255 2594 1555 2657 Lysandrum
1591 2594 1693 2642 fuit.
1764 2595 1980 2658 Itemque

368 2672 413 2717 in
439 2670 731 2716 sermonibus
757 2670 913 2724 alium,
936 2670 1149 2732 quamvis
1175 2676 1447 2732 praepotens
1473 2669 1544 2724 sit,
1567 2670 1762 2724 efficere,
1784 2676 1838 2716 ut
1861 2686 1980 2716 1111115

371 2746 429 2792 de
467 2745 626 2791 multis
664 2760 765 2790 esse
800 2744 1042 2790 videatur:
1080 2744 1208 2806 quod
1243 2744 1289 2790 in
1328 2745 1510 2799 Catulo,
1538 2745 1655 2791 etin
1691 2750 1839 2808 patre,
1865 2745 1980 2792 etin

292 2826 342 2868 16
370 2821 475 2875 filio,
493 2820 698 2882 itemque
714 2819 758 2864 111
779 2819 834 2874 Q.
853 2819 1010 2865 Mucio
1030 2819 1214 2865 Mancia
1229 2819 1445 2866 vidimus.
1515 2819 1694 2865 Audivi
1713 2836 1769 2865 ex
1793 2819 1979 2882 majori-

372 2897 460 2943 bus
479 2901 606 2948 natu,
633 2895 723 2940 hoc
749 2893 874 2939 idem
907 2893 1051 2940 fuisse
1076 2894 1121 2939 in
1146 2894 1200 2940 P.
1229 2893 1446 2957 Scipione
1486 2893 1687 2948 Nasica;
1726 2900 1980 2956 contraque

371 2975 554 3034 patrem
579 2969 696 3032 ejus,
721 2969 866 3022 illum,
894 2968 974 3031 qui
997 2968 1063 3015 Ti.
1093 2969 1297 3015 Gracchi
1321 2974 1516 3015 conatus
1541 2968 1751 3032 perditos
1777 2968 1980 3015 vindica-

372 3044 452 3096 vit.
493 3044 670 3090 nullam
711 3043 980 3090 comitatem
1016 3043 1235 3090 habuisse
1276 3042 1527 3090 sermonis:
1570 3058 1628 3090 ne
1671 3043 1978 3090 Xenocratem
