<?xml version="1.0" encoding="UTF-8"?>
<!DOCTYPE html PUBLIC "-//W3C//DTD XHTML 1.0 Transitional//EN"
    "http://www.w3.org/TR/xhtml1/DTD/xhtml1-transitional.dtd">
<html xmlns="http://www.w3.org/1999/xhtml" xml:lang="en" lang="en">
 <head>
  <title>
</title>
<meta http-equiv="Content-Type" content="text/html;charset=utf-8" />
  <meta name='ocr-system' content='tesseract 3.04.00' />
  <meta name='ocr-capabilities' content='ocr_page ocr_carea ocr_par ocr_line ocrx_word'/>
</head>
<body>
  <div class='ocr_page' id='page_1' title='image "./mtulliiciceronis1850cice_0040.png"; bbox 0 0 2054 3470; ppageno 0'>
   <div class='ocr_carea' id='block_1_1' title="bbox 235 195 1234 236">
    <p class='ocr_par' dir='ltr' id='par_1_1' title="bbox 235 195 1234 236">
     <span class='ocr_line' id='line_1_1' title="bbox 235 195 1234 236; baseline -0.004 0"><span class='ocrx_word' id='word_1_1' title='bbox 235 195 294 236; x_wconf 80' lang='lat'><strong>28</strong></span> <span class='ocrx_word' id='word_1_2' title='bbox 924 204 985 233; x_wconf 67' lang='grc' dir='ltr'><strong>ου</strong></span> <span class='ocrx_word' id='word_1_3' title='bbox 1026 203 1234 234; x_wconf 68' lang='lat' dir='ltr'><strong>ormons</strong></span> 
     </span>
    </p>
   </div>
   <div class='ocr_carea' id='block_1_2' title="bbox 240 305 1930 2611">
    <p class='ocr_par' dir='ltr' id='par_1_2' title="bbox 240 305 1930 2611">
     <span class='ocr_line' id='line_1_2' title="bbox 264 305 1919 374; baseline -0.004 -15"><span class='ocrx_word' id='word_1_4' title='bbox 264 316 290 358; x_wconf 87' lang='lat'>4</span> <span class='ocrx_word' id='word_1_5' title='bbox 382 312 441 359; x_wconf 90' lang='lat' dir='ltr'><strong>Id</strong></span> <span class='ocrx_word' id='word_1_6' title='bbox 480 318 639 358; x_wconf 90' lang='lat' dir='ltr'><strong>autern</strong></span> <span class='ocrx_word' id='word_1_7' title='bbox 673 311 829 374; x_wconf 89' lang='lat' dir='ltr'><strong>ipsum</strong></span> <span class='ocrx_word' id='word_1_8' title='bbox 864 310 1068 356; x_wconf 85' lang='lat' dir='ltr'><strong>cernitur</strong></span> <span class='ocrx_word' id='word_1_9' title='bbox 1092 310 1138 356; x_wconf 91' lang='lat' dir='ltr'><strong>in</strong></span> <span class='ocrx_word' id='word_1_10' title='bbox 1164 309 1365 363; x_wconf 91' lang='lat' dir='ltr'><strong>duobus,</strong></span> <span class='ocrx_word' id='word_1_11' title='bbox 1394 307 1431 355; x_wconf 89' lang='lat' dir='ltr'><strong>si</strong></span> <span class='ocrx_word' id='word_1_12' title='bbox 1456 315 1505 354; x_wconf 87' lang='lat' dir='ltr'><strong>et</strong></span> <span class='ocrx_word' id='word_1_13' title='bbox 1530 307 1683 353; x_wconf 90' lang='lat' dir='ltr'><strong>solum</strong></span> <span class='ocrx_word' id='word_1_14' title='bbox 1705 305 1768 361; x_wconf 89' lang='lat' dir='ltr'><strong>id,</strong></span> <span class='ocrx_word' id='word_1_15' title='bbox 1795 305 1919 369; x_wconf 88' lang='lat' dir='ltr'><strong>quod</strong></span> 
     </span>
     <span class='ocr_line' id='line_1_3' title="bbox 314 381 1922 448; baseline -0.004 -16"><span class='ocrx_word' id='word_1_16' title='bbox 314 387 565 433; x_wconf 88' lang='lat' dir='ltr'><strong>honestum</strong></span> <span class='ocrx_word' id='word_1_17' title='bbox 590 386 662 439; x_wconf 85' lang='lat' dir='ltr'><strong>sit,</strong></span> <span class='ocrx_word' id='word_1_18' title='bbox 690 387 864 433; x_wconf 88' lang='lat' dir='ltr'><strong>bonum</strong></span> <span class='ocrx_word' id='word_1_19' title='bbox 885 385 1082 448; x_wconf 90' lang='lat' dir='ltr'><strong>judices,</strong></span> <span class='ocrx_word' id='word_1_20' title='bbox 1104 390 1152 431; x_wconf 89' lang='lat' dir='ltr'><strong>et</strong></span> <span class='ocrx_word' id='word_1_21' title='bbox 1176 385 1235 431; x_wconf 90' lang='lat' dir='ltr'><strong>ab</strong></span> <span class='ocrx_word' id='word_1_22' title='bbox 1259 383 1385 430; x_wconf 89' lang='lat' dir='ltr'><strong>omni</strong></span> <span class='ocrx_word' id='word_1_23' title='bbox 1408 382 1547 428; x_wconf 89' lang='lat' dir='ltr'><strong>animi</strong></span> <span class='ocrx_word' id='word_1_24' title='bbox 1571 381 1922 444; x_wconf 77' lang='lat' dir='ltr'>perturbatione</span> 
     </span>
     <span class='ocr_line' id='line_1_4' title="bbox 261 454 1924 522; baseline -0.005 -14"><span class='ocrx_word' id='word_1_25' title='bbox 261 468 288 508; x_wconf 88' lang='lat'>5</span> <span class='ocrx_word' id='word_1_26' title='bbox 313 461 430 508; x_wconf 86' lang='lat' dir='ltr'><strong>liber</strong></span> <span class='ocrx_word' id='word_1_27' title='bbox 453 461 529 508; x_wconf 83' lang='lat' dir='ltr'><strong>sis.</strong></span> <span class='ocrx_word' id='word_1_28' title='bbox 600 461 726 507; x_wconf 89' lang='lat' dir='ltr'><strong>Nam</strong></span> <span class='ocrx_word' id='word_1_29' title='bbox 765 465 812 506; x_wconf 91' lang='lat' dir='ltr'><strong>et</strong></span> <span class='ocrx_word' id='word_1_30' title='bbox 850 475 919 514; x_wconf 87' lang='lat' dir='ltr'><strong>ea,</strong></span> <span class='ocrx_word' id='word_1_31' title='bbox 947 474 1055 522; x_wconf 87' lang='lat' dir='ltr'><strong>quae</strong></span> <span class='ocrx_word' id='word_1_32' title='bbox 1080 459 1246 505; x_wconf 83' lang='lat' dir='ltr'><strong>eximia</strong></span> <span class='ocrx_word' id='word_1_33' title='bbox 1282 457 1518 521; x_wconf 89' lang='lat' dir='ltr'><strong>plerisque</strong></span> <span class='ocrx_word' id='word_1_34' title='bbox 1543 462 1590 501; x_wconf 92' lang='lat' dir='ltr'><strong>et</strong></span> <span class='ocrx_word' id='word_1_35' title='bbox 1610 455 1836 519; x_wconf 82' lang='lat' dir='ltr'><strong>praeclara</strong></span> <span class='ocrx_word' id='word_1_36' title='bbox 1859 454 1924 500; x_wconf 87' lang='lat' dir='ltr'><strong>vi-</strong></span> 
     </span>
     <span class='ocr_line' id='line_1_5' title="bbox 314 531 1923 598; baseline -0.005 -16"><span class='ocrx_word' id='word_1_37' title='bbox 314 536 497 590; x_wconf 87' lang='lat' dir='ltr'><strong>dentur,</strong></span> <span class='ocrx_word' id='word_1_38' title='bbox 540 551 686 598; x_wconf 86' lang='lat' dir='ltr'><strong>parva</strong></span> <span class='ocrx_word' id='word_1_39' title='bbox 727 535 914 589; x_wconf 89' lang='lat' dir='ltr'><strong>ducere,</strong></span> <span class='ocrx_word' id='word_1_40' title='bbox 951 550 1102 596; x_wconf 88' lang='lat' dir='ltr'><strong>eaque</strong></span> <span class='ocrx_word' id='word_1_41' title='bbox 1143 534 1321 579; x_wconf 88' lang='lat' dir='ltr'><strong>ratione</strong></span> <span class='ocrx_word' id='word_1_42' title='bbox 1363 532 1518 578; x_wconf 90' lang='lat' dir='ltr'><strong>stabili</strong></span> <span class='ocrx_word' id='word_1_43' title='bbox 1554 531 1779 592; x_wconf 88' lang='lat' dir='ltr'><strong>firmaque</strong></span> <span class='ocrx_word' id='word_1_44' title='bbox 1816 545 1923 575; x_wconf 91' lang='lat' dir='ltr'><strong>con-</strong></span> 
     </span>
     <span class='ocr_line' id='line_1_6' title="bbox 314 607 1924 672; baseline -0.005 -15"><span class='ocrx_word' id='word_1_45' title='bbox 314 616 536 665; x_wconf 78' lang='lat' dir='ltr'><strong>temnere,</strong></span> <span class='ocrx_word' id='word_1_46' title='bbox 563 610 696 656; x_wconf 85' lang='lat' dir='ltr'><strong>sortis</strong></span> <span class='ocrx_word' id='word_1_47' title='bbox 736 609 878 655; x_wconf 90' lang='lat' dir='ltr'><strong>animi</strong></span> <span class='ocrx_word' id='word_1_48' title='bbox 913 609 1168 672; x_wconf 83' lang='lat' dir='ltr'><strong>magnique</strong></span> <span class='ocrx_word' id='word_1_49' title='bbox 1203 607 1475 654; x_wconf 90' lang='lat' dir='ltr'><strong>ducendum</strong></span> <span class='ocrx_word' id='word_1_50' title='bbox 1511 612 1611 653; x_wconf 86' lang='lat' dir='ltr'><strong>est:</strong></span> <span class='ocrx_word' id='word_1_51' title='bbox 1649 611 1697 651; x_wconf 88' lang='lat' dir='ltr'><strong>et</strong></span> <span class='ocrx_word' id='word_1_52' title='bbox 1722 620 1790 658; x_wconf 88' lang='lat' dir='ltr'><strong>ea,</strong></span> <span class='ocrx_word' id='word_1_53' title='bbox 1818 615 1924 666; x_wconf 66' lang='lat' dir='ltr'><strong>qua!</strong></span> 
     </span>
     <span class='ocr_line' id='line_1_7' title="bbox 315 679 1924 746; baseline -0.005 -15"><span class='ocrx_word' id='word_1_54' title='bbox 315 685 535 731; x_wconf 74' lang='lat' dir='ltr'><strong>videntur</strong></span> <span class='ocrx_word' id='word_1_55' title='bbox 571 685 754 739; x_wconf 86' lang='lat' dir='ltr'><strong>acerba,</strong></span> <span class='ocrx_word' id='word_1_56' title='bbox 782 699 889 746; x_wconf 84' lang='lat' dir='ltr'><strong>quae</strong></span> <span class='ocrx_word' id='word_1_57' title='bbox 923 684 1074 729; x_wconf 90' lang='lat' dir='ltr'><strong>multa</strong></span> <span class='ocrx_word' id='word_1_58' title='bbox 1108 689 1156 730; x_wconf 91' lang='lat' dir='ltr'><strong>et</strong></span> <span class='ocrx_word' id='word_1_59' title='bbox 1190 682 1319 729; x_wconf 88' lang='lat' dir='ltr'><strong>varia</strong></span> <span class='ocrx_word' id='word_1_60' title='bbox 1353 682 1399 728; x_wconf 92' lang='lat' dir='ltr'><strong>in</strong></span> <span class='ocrx_word' id='word_1_61' title='bbox 1437 681 1678 727; x_wconf 89' lang='lat' dir='ltr'><strong>hominum</strong></span> <span class='ocrx_word' id='word_1_62' title='bbox 1702 679 1798 725; x_wconf 88' lang='lat' dir='ltr'><strong>vita</strong></span> <span class='ocrx_word' id='word_1_63' title='bbox 1832 679 1924 724; x_wconf 82' lang='lat' dir='ltr'><strong>for·</strong></span> 
     </span>
     <span class='ocr_line' id='line_1_8' title="bbox 316 753 1923 822; baseline -0.005 -16"><span class='ocrx_word' id='word_1_64' title='bbox 316 765 522 822; x_wconf 87' lang='lat' dir='ltr'><strong>tunaque</strong></span> <span class='ocrx_word' id='word_1_65' title='bbox 546 765 805 813; x_wconf 79' lang='lat' dir='ltr'><strong>versantur,</strong></span> <span class='ocrx_word' id='word_1_66' title='bbox 833 758 898 804; x_wconf 87' lang='lat' dir='ltr'><strong>ita</strong></span> <span class='ocrx_word' id='word_1_67' title='bbox 934 758 1070 812; x_wconf 91' lang='lat' dir='ltr'><strong>ferre,</strong></span> <span class='ocrx_word' id='word_1_68' title='bbox 1097 764 1150 803; x_wconf 90' lang='lat' dir='ltr'><strong>ut</strong></span> <span class='ocrx_word' id='word_1_69' title='bbox 1188 757 1303 803; x_wconf 80' lang='lat' dir='ltr'><strong>nihil</strong></span> <span class='ocrx_word' id='word_1_70' title='bbox 1341 772 1369 801; x_wconf 90' lang='lat' dir='ltr'><strong>a</strong></span> <span class='ocrx_word' id='word_1_71' title='bbox 1408 762 1539 802; x_wconf 87' lang='lat' dir='ltr'><strong>statu</strong></span> <span class='ocrx_word' id='word_1_72' title='bbox 1572 761 1754 800; x_wconf 80' lang='lat' dir='ltr'><strong>naturae</strong></span> <span class='ocrx_word' id='word_1_73' title='bbox 1777 753 1923 799; x_wconf 90' lang='lat' dir='ltr'><strong>disce·</strong></span> 
     </span>
     <span class='ocr_line' id='line_1_9' title="bbox 317 830 1926 896; baseline -0.005 -16"><span class='ocrx_word' id='word_1_74' title='bbox 317 835 416 889; x_wconf 89' lang='lat' dir='ltr'><strong>das,</strong></span> <span class='ocrx_word' id='word_1_75' title='bbox 444 834 556 880; x_wconf 88' lang='lat' dir='ltr'><strong>nihil</strong></span> <span class='ocrx_word' id='word_1_76' title='bbox 580 850 608 879; x_wconf 90' lang='lat' dir='ltr'><strong>a</strong></span> <span class='ocrx_word' id='word_1_77' title='bbox 632 834 863 896; x_wconf 78' lang='lat' dir='ltr'><strong>dignitate</strong></span> <span class='ocrx_word' id='word_1_78' title='bbox 889 832 1125 895; x_wconf 87' lang='lat' dir='ltr'><strong>sapientis,</strong></span> <span class='ocrx_word' id='word_1_79' title='bbox 1152 831 1334 878; x_wconf 85' lang='lat' dir='ltr'><strong>robusti</strong></span> <span class='ocrx_word' id='word_1_80' title='bbox 1367 830 1506 876; x_wconf 89' lang='lat' dir='ltr'><strong>animi</strong></span> <span class='ocrx_word' id='word_1_81' title='bbox 1541 835 1613 875; x_wconf 84' lang='lat' dir='ltr'><strong>est</strong></span> <span class='ocrx_word' id='word_1_82' title='bbox 1647 842 1926 891; x_wconf 84' lang='lat' dir='ltr'><strong>magnaeque</strong></span> 
     </span>
     <span class='ocr_line' id='line_1_10' title="bbox 262 904 1926 966; baseline -0.005 -10"><span class='ocrx_word' id='word_1_83' title='bbox 262 914 289 956; x_wconf 90' lang='lat'>6</span> <span class='ocrx_word' id='word_1_84' title='bbox 318 909 605 955; x_wconf 60' lang='lat' dir='ltr'><strong>constantiae.</strong></span> <span class='ocrx_word' id='word_1_85' title='bbox 677 909 786 954; x_wconf 93' lang='lat' dir='ltr'><strong>Non</strong></span> <span class='ocrx_word' id='word_1_86' title='bbox 826 913 897 953; x_wconf 89' lang='lat' dir='ltr'><strong>est</strong></span> <span class='ocrx_word' id='word_1_87' title='bbox 938 914 1099 953; x_wconf 87' lang='lat' dir='ltr'><strong>autem</strong></span> <span class='ocrx_word' id='word_1_88' title='bbox 1138 912 1518 958; x_wconf 88' lang='lat' dir='ltr'><strong>consentaneum,</strong></span> <span class='ocrx_word' id='word_1_89' title='bbox 1556 904 1637 966; x_wconf 92' lang='lat' dir='ltr'><strong>qui</strong></span> <span class='ocrx_word' id='word_1_90' title='bbox 1669 909 1801 948; x_wconf 90' lang='lat' dir='ltr'><strong>metu</strong></span> <span class='ocrx_word' id='word_1_91' title='bbox 1835 917 1926 948; x_wconf 90' lang='lat' dir='ltr'><strong>non</strong></span> 
     </span>
     <span class='ocr_line' id='line_1_11' title="bbox 315 976 1926 1046; baseline -0.005 -17"><span class='ocrx_word' id='word_1_92' title='bbox 315 984 574 1046; x_wconf 80' lang='lat' dir='ltr'><strong>frangatur,</strong></span> <span class='ocrx_word' id='word_1_93' title='bbox 602 999 710 1029; x_wconf 89' lang='lat' dir='ltr'><strong>eum</strong></span> <span class='ocrx_word' id='word_1_94' title='bbox 744 981 896 1044; x_wconf 83' lang='lat' dir='ltr'><strong>frangi</strong></span> <span class='ocrx_word' id='word_1_95' title='bbox 931 981 1219 1043; x_wconf 84' lang='lat' dir='ltr'><strong>cupiditate3</strong></span> <span class='ocrx_word' id='word_1_96' title='bbox 1255 996 1355 1034; x_wconf 89' lang='lat' dir='ltr'><strong>nec,</strong></span> <span class='ocrx_word' id='word_1_97' title='bbox 1384 979 1464 1042; x_wconf 91' lang='lat' dir='ltr'><strong>qui</strong></span> <span class='ocrx_word' id='word_1_98' title='bbox 1487 979 1711 1024; x_wconf 85' lang='lat' dir='ltr'><strong>invictum</strong></span> <span class='ocrx_word' id='word_1_99' title='bbox 1736 993 1785 1023; x_wconf 90' lang='lat' dir='ltr'><strong>se</strong></span> <span class='ocrx_word' id='word_1_100' title='bbox 1810 993 1837 1022; x_wconf 92' lang='lat' dir='ltr'><strong>a</strong></span> <span class='ocrx_word' id='word_1_101' title='bbox 1861 976 1926 1022; x_wconf 83' lang='lat' dir='ltr'><strong>la-</strong></span> 
     </span>
     <span class='ocr_line' id='line_1_12' title="bbox 264 1052 1925 1120; baseline -0.005 -16"><span class='ocrx_word' id='word_1_102' title='bbox 264 1057 288 1104; x_wconf 81' lang='grc'>7</span> <span class='ocrx_word' id='word_1_103' title='bbox 317 1058 429 1104; x_wconf 82' lang='lat' dir='ltr'><strong>bore</strong></span> <span class='ocrx_word' id='word_1_104' title='bbox 471 1057 757 1120; x_wconf 81' lang='lat' dir='ltr'><strong>praestiterit,</strong></span> <span class='ocrx_word' id='word_1_105' title='bbox 783 1056 903 1102; x_wconf 89' lang='lat' dir='ltr'><strong>vinci</strong></span> <span class='ocrx_word' id='word_1_106' title='bbox 938 1071 966 1101; x_wconf 92' lang='lat' dir='ltr'><strong>a</strong></span> <span class='ocrx_word' id='word_1_107' title='bbox 1000 1056 1260 1118; x_wconf 86' lang='lat' dir='ltr'><strong>voluptate.</strong></span> <span class='ocrx_word' id='word_1_108' title='bbox 1332 1055 1486 1110; x_wconf 79' lang='lat' dir='ltr'><strong>Quam</strong></span> <span class='ocrx_word' id='word_1_109' title='bbox 1523 1054 1582 1099; x_wconf 90' lang='lat' dir='ltr'><strong>ob</strong></span> <span class='ocrx_word' id='word_1_110' title='bbox 1621 1069 1721 1099; x_wconf 89' lang='lat' dir='ltr'><strong>rem</strong></span> <span class='ocrx_word' id='word_1_111' title='bbox 1746 1057 1793 1098; x_wconf 92' lang='lat' dir='ltr'><strong>et</strong></span> <span class='ocrx_word' id='word_1_112' title='bbox 1824 1052 1925 1097; x_wconf 78' lang='lat' dir='ltr'><strong>haec</strong></span> 
     </span>
     <span class='ocr_line' id='line_1_13' title="bbox 314 1129 1924 1195; baseline -0.004 -17"><span class='ocrx_word' id='word_1_113' title='bbox 314 1132 530 1186; x_wconf 90' lang='lat' dir='ltr'><strong>videnda,</strong></span> <span class='ocrx_word' id='word_1_114' title='bbox 558 1138 605 1178; x_wconf 90' lang='lat' dir='ltr'><strong>et</strong></span> <span class='ocrx_word' id='word_1_115' title='bbox 631 1132 842 1195; x_wconf 80' lang='lat' dir='ltr'><strong>pecuniae</strong></span> <span class='ocrx_word' id='word_1_116' title='bbox 865 1131 1091 1195; x_wconf 84' lang='lat' dir='ltr'><strong>fugienda</strong></span> <span class='ocrx_word' id='word_1_117' title='bbox 1115 1130 1362 1193; x_wconf 85' lang='lat' dir='ltr'><strong>cupiditas.</strong></span> <span class='ocrx_word' id='word_1_118' title='bbox 1434 1130 1563 1175; x_wconf 89' lang='lat' dir='ltr'><strong>Nihil</strong></span> <span class='ocrx_word' id='word_1_119' title='bbox 1589 1129 1709 1175; x_wconf 93' lang='lat' dir='ltr'><strong>enim</strong></span> <span class='ocrx_word' id='word_1_120' title='bbox 1735 1133 1806 1173; x_wconf 87' lang='lat' dir='ltr'><strong>est</strong></span> <span class='ocrx_word' id='word_1_121' title='bbox 1830 1133 1924 1173; x_wconf 85' lang='lat' dir='ltr'><strong>tam</strong></span> 
     </span>
     <span class='ocr_line' id='line_1_14' title="bbox 315 1202 1927 1271; baseline -0.003 -19"><span class='ocrx_word' id='word_1_122' title='bbox 315 1207 504 1271; x_wconf 85' lang='lat' dir='ltr'><strong>angusti</strong></span> <span class='ocrx_word' id='word_1_123' title='bbox 528 1207 670 1253; x_wconf 89' lang='lat' dir='ltr'><strong>animi</strong></span> <span class='ocrx_word' id='word_1_124' title='bbox 694 1212 887 1269; x_wconf 88' lang='lat' dir='ltr'><strong>tamque</strong></span> <span class='ocrx_word' id='word_1_125' title='bbox 924 1206 1069 1269; x_wconf 84' lang='lat' dir='ltr'><strong>parvi,</strong></span> <span class='ocrx_word' id='word_1_126' title='bbox 1098 1222 1241 1268; x_wconf 84' lang='lat' dir='ltr'><strong>quam</strong></span> <span class='ocrx_word' id='word_1_127' title='bbox 1277 1221 1434 1250; x_wconf 84' lang='lat' dir='ltr'><strong>amare</strong></span> <span class='ocrx_word' id='word_1_128' title='bbox 1460 1204 1672 1258; x_wconf 74' lang='lat' dir='ltr'><strong>divitias;</strong></span> <span class='ocrx_word' id='word_1_129' title='bbox 1708 1203 1821 1249; x_wconf 88' lang='lat' dir='ltr'><strong>nihil</strong></span> <span class='ocrx_word' id='word_1_130' title='bbox 1844 1202 1927 1248; x_wconf 85' lang='lat' dir='ltr'><strong>ho-</strong></span> 
     </span>
     <span class='ocr_line' id='line_1_15' title="bbox 318 1276 1927 1345; baseline -0.003 -18"><span class='ocrx_word' id='word_1_131' title='bbox 318 1282 496 1328; x_wconf 86' lang='lat' dir='ltr'><strong>nestius</strong></span> <span class='ocrx_word' id='word_1_132' title='bbox 542 1281 1012 1345; x_wconf 87' lang='lat' dir='ltr'><strong>magnificentiusque</strong></span> <span class='ocrx_word' id='word_1_133' title='bbox 1054 1296 1198 1342; x_wconf 86' lang='lat' dir='ltr'><strong>quam</strong></span> <span class='ocrx_word' id='word_1_134' title='bbox 1245 1280 1492 1343; x_wconf 86' lang='lat' dir='ltr'><strong>pecuniam</strong></span> <span class='ocrx_word' id='word_1_135' title='bbox 1540 1285 1853 1331; x_wconf 77' lang='lat' dir='ltr'><strong>contemnere,</strong></span> <span class='ocrx_word' id='word_1_136' title='bbox 1891 1276 1927 1322; x_wconf 86' lang='lat' dir='ltr'><strong>si</strong></span> 
     </span>
     <span class='ocr_line' id='line_1_16' title="bbox 317 1354 1927 1414; baseline -0.004 -12"><span class='ocrx_word' id='word_1_137' title='bbox 317 1373 410 1402; x_wconf 92' lang='lat' dir='ltr'><strong>non</strong></span> <span class='ocrx_word' id='word_1_138' title='bbox 434 1357 624 1410; x_wconf 86' lang='lat' dir='ltr'><strong>habeas,</strong></span> <span class='ocrx_word' id='word_1_139' title='bbox 647 1356 684 1401; x_wconf 88' lang='lat' dir='ltr'><strong>si</strong></span> <span class='ocrx_word' id='word_1_140' title='bbox 708 1356 898 1409; x_wconf 86' lang='lat' dir='ltr'><strong>habeas,</strong></span> <span class='ocrx_word' id='word_1_141' title='bbox 921 1355 982 1401; x_wconf 88' lang='lat' dir='ltr'><strong>ad</strong></span> <span class='ocrx_word' id='word_1_142' title='bbox 1002 1355 1357 1401; x_wconf 88' lang='lat' dir='ltr'><strong>beneficentiam</strong></span> <span class='ocrx_word' id='word_1_143' title='bbox 1381 1354 1801 1414; x_wconf 77' lang='lat' dir='ltr'><strong>liberalitatemque</strong></span> <span class='ocrx_word' id='word_1_144' title='bbox 1821 1367 1927 1398; x_wconf 88' lang='lat' dir='ltr'><strong>con-</strong></span> 
     </span>
     <span class='ocr_line' id='line_1_17' title="bbox 265 1426 1927 1492; baseline -0.003 -14"><span class='ocrx_word' id='word_1_145' title='bbox 265 1437 290 1478; x_wconf 83' lang='lat'>8</span> <span class='ocrx_word' id='word_1_146' title='bbox 316 1431 451 1478; x_wconf 88' lang='lat' dir='ltr'><strong>ferre.</strong></span> <span class='ocrx_word' id='word_1_147' title='bbox 524 1430 747 1476; x_wconf 88' lang='lat' dir='ltr'><strong>Cavenda</strong></span> <span class='ocrx_word' id='word_1_148' title='bbox 788 1430 930 1476; x_wconf 84' lang='lat' dir='ltr'><strong>etiam</strong></span> <span class='ocrx_word' id='word_1_149' title='bbox 968 1435 1039 1475; x_wconf 91' lang='lat' dir='ltr'><strong>est</strong></span> <span class='ocrx_word' id='word_1_150' title='bbox 1079 1429 1244 1492; x_wconf 85' lang='lat' dir='ltr'><strong>gloriae</strong></span> <span class='ocrx_word' id='word_1_151' title='bbox 1279 1429 1526 1491; x_wconf 79' lang='lat' dir='ltr'><strong>cupiditas,</strong></span> <span class='ocrx_word' id='word_1_152' title='bbox 1553 1433 1606 1473; x_wconf 93' lang='lat' dir='ltr'><strong>ut</strong></span> <span class='ocrx_word' id='word_1_153' title='bbox 1642 1443 1784 1490; x_wconf 89' lang='lat' dir='ltr'><strong>supra</strong></span> <span class='ocrx_word' id='word_1_154' title='bbox 1819 1426 1927 1473; x_wconf 84' lang='lat' dir='ltr'><strong>dixi.</strong></span> 
     </span>
     <span class='ocr_line' id='line_1_18' title="bbox 319 1501 1928 1569; baseline -0.002 -18"><span class='ocrx_word' id='word_1_155' title='bbox 319 1505 470 1569; x_wconf 79' lang='lat' dir='ltr'><strong>Eripit</strong></span> <span class='ocrx_word' id='word_1_156' title='bbox 505 1505 628 1551; x_wconf 92' lang='lat' dir='ltr'><strong>enim</strong></span> <span class='ocrx_word' id='word_1_157' title='bbox 661 1505 942 1559; x_wconf 86' lang='lat' dir='ltr'><strong>libertatem,</strong></span> <span class='ocrx_word' id='word_1_158' title='bbox 970 1520 1055 1567; x_wconf 89' lang='lat' dir='ltr'><strong>pro</strong></span> <span class='ocrx_word' id='word_1_159' title='bbox 1082 1519 1174 1566; x_wconf 89' lang='lat' dir='ltr'><strong>qua</strong></span> <span class='ocrx_word' id='word_1_160' title='bbox 1209 1503 1516 1567; x_wconf 81' lang='lat' dir='ltr'><strong>magnanimis</strong></span> <span class='ocrx_word' id='word_1_161' title='bbox 1542 1503 1649 1548; x_wconf 89' lang='lat' dir='ltr'><strong>viris</strong></span> <span class='ocrx_word' id='word_1_162' title='bbox 1675 1501 1823 1548; x_wconf 90' lang='lat' dir='ltr'><strong>omnis</strong></span> <span class='ocrx_word' id='word_1_163' title='bbox 1849 1501 1928 1547; x_wconf 93' lang='lat' dir='ltr'><strong>de-</strong></span> 
     </span>
     <span class='ocr_line' id='line_1_19' title="bbox 265 1575 1928 1641; baseline -0.004 -14"><span class='ocrx_word' id='word_1_164' title='bbox 265 1586 291 1628; x_wconf 88' lang='grc'><strong>9</strong></span> <span class='ocrx_word' id='word_1_165' title='bbox 318 1581 399 1627; x_wconf 88' lang='lat' dir='ltr'><strong>bet</strong></span> <span class='ocrx_word' id='word_1_166' title='bbox 433 1595 536 1626; x_wconf 89' lang='lat' dir='ltr'><strong>esse</strong></span> <span class='ocrx_word' id='word_1_167' title='bbox 572 1580 821 1626; x_wconf 83' lang='lat' dir='ltr'><strong>contentio.</strong></span> <span class='ocrx_word' id='word_1_168' title='bbox 892 1580 994 1625; x_wconf 88' lang='lat' dir='ltr'><strong>Nec</strong></span> <span class='ocrx_word' id='word_1_169' title='bbox 1020 1595 1131 1625; x_wconf 91' lang='lat' dir='ltr'><strong>vero</strong></span> <span class='ocrx_word' id='word_1_170' title='bbox 1167 1579 1363 1641; x_wconf 88' lang='lat' dir='ltr'><strong>imperia</strong></span> <span class='ocrx_word' id='word_1_171' title='bbox 1388 1577 1666 1640; x_wconf 80' lang='lat' dir='ltr'><strong>expetenda,</strong></span> <span class='ocrx_word' id='word_1_172' title='bbox 1695 1593 1748 1622; x_wconf 90' lang='lat' dir='ltr'><strong>ac</strong></span> <span class='ocrx_word' id='word_1_173' title='bbox 1774 1575 1928 1639; x_wconf 88' lang='lat' dir='ltr'><strong>potius</strong></span> 
     </span>
     <span class='ocr_line' id='line_1_20' title="bbox 319 1652 1927 1717; baseline -0.003 -16"><span class='ocrx_word' id='word_1_174' title='bbox 319 1660 404 1701; x_wconf 91' lang='lat' dir='ltr'><strong>aut</strong></span> <span class='ocrx_word' id='word_1_175' title='bbox 437 1671 531 1701; x_wconf 91' lang='lat' dir='ltr'><strong>non</strong></span> <span class='ocrx_word' id='word_1_176' title='bbox 569 1654 842 1717; x_wconf 86' lang='lat' dir='ltr'><strong>accipienda</strong></span> <span class='ocrx_word' id='word_1_177' title='bbox 876 1654 1128 1709; x_wconf 89' lang='lat' dir='ltr'><strong>interdum,</strong></span> <span class='ocrx_word' id='word_1_178' title='bbox 1157 1660 1240 1699; x_wconf 87' lang='lat' dir='ltr'><strong>aut</strong></span> <span class='ocrx_word' id='word_1_179' title='bbox 1275 1652 1556 1715; x_wconf 87' lang='lat' dir='ltr'><strong>deponenda</strong></span> <span class='ocrx_word' id='word_1_180' title='bbox 1581 1666 1927 1713; x_wconf 54' lang='lat' dir='ltr'><strong>nonnunquam,</strong></span> 
     </span>
     <span class='ocr_line' id='line_1_21' title="bbox 241 1725 1929 1790; baseline -0.003 -14"><span class='ocrx_word' id='word_1_181' title='bbox 241 1735 295 1776; x_wconf 88' lang='lat'><strong>10</strong></span> <span class='ocrx_word' id='word_1_182' title='bbox 321 1730 603 1776; x_wconf 84' lang='lat' dir='ltr'><strong>Vacandum</strong></span> <span class='ocrx_word' id='word_1_183' title='bbox 627 1736 789 1775; x_wconf 89' lang='lat' dir='ltr'><strong>autem</strong></span> <span class='ocrx_word' id='word_1_184' title='bbox 825 1728 950 1775; x_wconf 91' lang='lat' dir='ltr'><strong>omni</strong></span> <span class='ocrx_word' id='word_1_185' title='bbox 987 1734 1060 1774; x_wconf 89' lang='lat' dir='ltr'><strong>est</strong></span> <span class='ocrx_word' id='word_1_186' title='bbox 1095 1728 1238 1774; x_wconf 86' lang='lat' dir='ltr'><strong>animi</strong></span> <span class='ocrx_word' id='word_1_187' title='bbox 1277 1727 1640 1790; x_wconf 85' lang='lat' dir='ltr'><strong>perturbatione,</strong></span> <span class='ocrx_word' id='word_1_188' title='bbox 1669 1743 1777 1773; x_wconf 88' lang='lat' dir='ltr'><strong>cum</strong></span> <span class='ocrx_word' id='word_1_189' title='bbox 1801 1725 1929 1788; x_wconf 82' lang='lat' dir='ltr'><strong>cupi-</strong></span> 
     </span>
     <span class='ocr_line' id='line_1_22' title="bbox 320 1800 1929 1866; baseline -0.004 -15"><span class='ocrx_word' id='word_1_190' title='bbox 320 1805 465 1851; x_wconf 88' lang='lat' dir='ltr'><strong>ditate</strong></span> <span class='ocrx_word' id='word_1_191' title='bbox 502 1810 549 1850; x_wconf 88' lang='lat' dir='ltr'><strong>et</strong></span> <span class='ocrx_word' id='word_1_192' title='bbox 586 1811 730 1858; x_wconf 88' lang='lat' dir='ltr'><strong>metu,</strong></span> <span class='ocrx_word' id='word_1_193' title='bbox 757 1810 861 1849; x_wconf 91' lang='lat' dir='ltr'><strong>tum</strong></span> <span class='ocrx_word' id='word_1_194' title='bbox 895 1803 1035 1848; x_wconf 89' lang='lat' dir='ltr'><strong>etiam</strong></span> <span class='ocrx_word' id='word_1_195' title='bbox 1062 1803 1342 1866; x_wconf 84' lang='lat' dir='ltr'><strong>aegritudine</strong></span> <span class='ocrx_word' id='word_1_196' title='bbox 1368 1808 1414 1848; x_wconf 88' lang='lat' dir='ltr'><strong>et</strong></span> <span class='ocrx_word' id='word_1_197' title='bbox 1439 1802 1683 1863; x_wconf 87' lang='lat' dir='ltr'><strong>voluptate</strong></span> <span class='ocrx_word' id='word_1_198' title='bbox 1719 1800 1860 1846; x_wconf 90' lang='lat' dir='ltr'><strong>animi</strong></span> <span class='ocrx_word' id='word_1_199' title='bbox 1883 1806 1929 1846; x_wconf 85' lang='lat' dir='ltr'><strong>et</strong></span> 
     </span>
     <span class='ocr_line' id='line_1_23' title="bbox 318 1875 1930 1940; baseline -0.002 -15"><span class='ocrx_word' id='word_1_200' title='bbox 318 1879 584 1933; x_wconf 84' lang='lat' dir='ltr'><strong>iracundia;</strong></span> <span class='ocrx_word' id='word_1_201' title='bbox 621 1884 675 1925; x_wconf 92' lang='lat' dir='ltr'><strong>ut</strong></span> <span class='ocrx_word' id='word_1_202' title='bbox 698 1877 1007 1940; x_wconf 87' lang='lat' dir='ltr'><strong>tranquillitas</strong></span> <span class='ocrx_word' id='word_1_203' title='bbox 1032 1877 1172 1923; x_wconf 87' lang='lat' dir='ltr'><strong>animi</strong></span> <span class='ocrx_word' id='word_1_204' title='bbox 1191 1883 1238 1923; x_wconf 87' lang='lat' dir='ltr'><strong>et</strong></span> <span class='ocrx_word' id='word_1_205' title='bbox 1262 1876 1485 1923; x_wconf 79' lang='lat' dir='ltr'><strong>securitas</strong></span> <span class='ocrx_word' id='word_1_206' title='bbox 1511 1876 1645 1929; x_wconf 89' lang='lat' dir='ltr'><strong>adsit,</strong></span> <span class='ocrx_word' id='word_1_207' title='bbox 1665 1891 1770 1938; x_wconf 81' lang='lat' dir='ltr'><strong>quae</strong></span> <span class='ocrx_word' id='word_1_208' title='bbox 1795 1875 1930 1921; x_wconf 85' lang='lat' dir='ltr'><strong>affert</strong></span> 
     </span>
     <span class='ocr_line' id='line_1_24' title="bbox 240 1950 1930 2014; baseline -0.002 -14"><span class='ocrx_word' id='word_1_209' title='bbox 240 1960 289 2000; x_wconf 87' lang='grc'><strong>11</strong></span> <span class='ocrx_word' id='word_1_210' title='bbox 321 1970 430 2000; x_wconf 87' lang='lat' dir='ltr'><strong>cum</strong></span> <span class='ocrx_word' id='word_1_211' title='bbox 470 1953 795 2007; x_wconf 83' lang='lat' dir='ltr'><strong>constantiam,</strong></span> <span class='ocrx_word' id='word_1_212' title='bbox 823 1958 925 1998; x_wconf 89' lang='lat' dir='ltr'><strong>tum</strong></span> <span class='ocrx_word' id='word_1_213' title='bbox 965 1952 1106 1998; x_wconf 89' lang='lat' dir='ltr'><strong>etiam</strong></span> <span class='ocrx_word' id='word_1_214' title='bbox 1147 1952 1441 2014; x_wconf 88' lang='lat' dir='ltr'><strong>dignitatem.</strong></span> <span class='ocrx_word' id='word_1_215' title='bbox 1513 1950 1652 1996; x_wconf 89' lang='lat' dir='ltr'><strong>Multi</strong></span> <span class='ocrx_word' id='word_1_216' title='bbox 1689 1956 1847 1996; x_wconf 88' lang='lat' dir='ltr'><strong>autem</strong></span> <span class='ocrx_word' id='word_1_217' title='bbox 1883 1955 1930 1996; x_wconf 88' lang='lat' dir='ltr'><strong>et</strong></span> 
     </span>
     <span class='ocr_line' id='line_1_25' title="bbox 320 2025 1928 2090; baseline -0.002 -16"><span class='ocrx_word' id='word_1_218' title='bbox 320 2035 441 2082; x_wconf 89' lang='lat' dir='ltr'><strong>sunt,</strong></span> <span class='ocrx_word' id='word_1_219' title='bbox 469 2034 516 2074; x_wconf 90' lang='lat' dir='ltr'><strong>et</strong></span> <span class='ocrx_word' id='word_1_220' title='bbox 550 2028 755 2081; x_wconf 89' lang='lat' dir='ltr'><strong>fuerunt,</strong></span> <span class='ocrx_word' id='word_1_221' title='bbox 783 2027 862 2090; x_wconf 91' lang='lat' dir='ltr'><strong>qui</strong></span> <span class='ocrx_word' id='word_1_222' title='bbox 897 2043 1015 2081; x_wconf 91' lang='lat' dir='ltr'><strong>eam,</strong></span> <span class='ocrx_word' id='word_1_223' title='bbox 1043 2042 1185 2089; x_wconf 84' lang='lat' dir='ltr'><strong>quam</strong></span> <span class='ocrx_word' id='word_1_224' title='bbox 1223 2026 1341 2080; x_wconf 91' lang='lat' dir='ltr'><strong>dico,</strong></span> <span class='ocrx_word' id='word_1_225' title='bbox 1368 2025 1755 2087; x_wconf 84' lang='lat' dir='ltr'><strong>tranquillitatem</strong></span> <span class='ocrx_word' id='word_1_226' title='bbox 1789 2040 1928 2087; x_wconf 84' lang='lat' dir='ltr'><strong>expe-</strong></span> 
     </span>
     <span class='ocr_line' id='line_1_26' title="bbox 322 2100 1928 2165; baseline -0.003 -16"><span class='ocrx_word' id='word_1_227' title='bbox 322 2109 487 2157; x_wconf 87' lang='lat' dir='ltr'><strong>tentes,</strong></span> <span class='ocrx_word' id='word_1_228' title='bbox 515 2119 543 2148; x_wconf 88' lang='lat' dir='ltr'><strong>a</strong></span> <span class='ocrx_word' id='word_1_229' title='bbox 578 2102 777 2165; x_wconf 87' lang='lat' dir='ltr'><strong>negotiis</strong></span> <span class='ocrx_word' id='word_1_230' title='bbox 815 2102 1013 2164; x_wconf 87' lang='lat' dir='ltr'><strong>publicis</strong></span> <span class='ocrx_word' id='word_1_231' title='bbox 1052 2117 1102 2147; x_wconf 89' lang='lat' dir='ltr'><strong>se</strong></span> <span class='ocrx_word' id='word_1_232' title='bbox 1138 2101 1432 2154; x_wconf 89' lang='lat' dir='ltr'><strong>removerint,</strong></span> <span class='ocrx_word' id='word_1_233' title='bbox 1460 2101 1521 2146; x_wconf 86' lang='lat' dir='ltr'><strong>ad</strong></span> <span class='ocrx_word' id='word_1_234' title='bbox 1558 2100 1799 2162; x_wconf 87' lang='lat' dir='ltr'><strong>otiumque</strong></span> <span class='ocrx_word' id='word_1_235' title='bbox 1824 2116 1928 2163; x_wconf 89' lang='lat' dir='ltr'><strong>per-</strong></span> 
     </span>
     <span class='ocr_line' id='line_1_27' title="bbox 321 2175 1929 2241; baseline -0.002 -18"><span class='ocrx_word' id='word_1_236' title='bbox 321 2178 540 2241; x_wconf 84' lang='lat' dir='ltr'><strong>fugerint.</strong></span> <span class='ocrx_word' id='word_1_237' title='bbox 612 2177 668 2222; x_wconf 89' lang='lat' dir='ltr'><strong>In</strong></span> <span class='ocrx_word' id='word_1_238' title='bbox 687 2177 758 2221; x_wconf 89' lang='lat' dir='ltr'><strong>his</strong></span> <span class='ocrx_word' id='word_1_239' title='bbox 779 2183 826 2222; x_wconf 90' lang='lat' dir='ltr'><strong>et</strong></span> <span class='ocrx_word' id='word_1_240' title='bbox 849 2176 1119 2222; x_wconf 84' lang='lat' dir='ltr'><strong>nobilissimi</strong></span> <span class='ocrx_word' id='word_1_241' title='bbox 1144 2176 1413 2238; x_wconf 88' lang='lat' dir='ltr'><strong>philosophi</strong></span> <span class='ocrx_word' id='word_1_242' title='bbox 1437 2176 1672 2237; x_wconf 86' lang='lat' dir='ltr'><strong>longeque</strong></span> <span class='ocrx_word' id='word_1_243' title='bbox 1698 2175 1929 2237; x_wconf 88' lang='lat' dir='ltr'><strong>principes</strong></span> 
     </span>
     <span class='ocr_line' id='line_1_28' title="bbox 321 2248 1928 2315; baseline -0.002 -17"><span class='ocrx_word' id='word_1_244' title='bbox 321 2260 369 2299; x_wconf 92' lang='lat' dir='ltr'><strong>et</strong></span> <span class='ocrx_word' id='word_1_245' title='bbox 387 2252 578 2315; x_wconf 87' lang='lat' dir='ltr'><strong>quidam</strong></span> <span class='ocrx_word' id='word_1_246' title='bbox 601 2251 811 2296; x_wconf 90' lang='lat' dir='ltr'><strong>homines</strong></span> <span class='ocrx_word' id='word_1_247' title='bbox 832 2250 980 2296; x_wconf 84' lang='lat' dir='ltr'><strong>severi</strong></span> <span class='ocrx_word' id='word_1_248' title='bbox 1005 2256 1052 2296; x_wconf 92' lang='lat' dir='ltr'><strong>et</strong></span> <span class='ocrx_word' id='word_1_249' title='bbox 1075 2266 1243 2313; x_wconf 87' lang='lat' dir='ltr'><strong>graves</strong></span> <span class='ocrx_word' id='word_1_250' title='bbox 1263 2266 1348 2295; x_wconf 89' lang='lat' dir='ltr'><strong>nec</strong></span> <span class='ocrx_word' id='word_1_251' title='bbox 1374 2249 1537 2312; x_wconf 89' lang='lat' dir='ltr'><strong>populi</strong></span> <span class='ocrx_word' id='word_1_252' title='bbox 1556 2264 1640 2294; x_wconf 90' lang='lat' dir='ltr'><strong>nec</strong></span> <span class='ocrx_word' id='word_1_253' title='bbox 1666 2248 1928 2312; x_wconf 86' lang='lat' dir='ltr'><strong>principum</strong></span> 
     </span>
     <span class='ocr_line' id='line_1_29' title="bbox 322 2323 1927 2387; baseline -0.001 -15"><span class='ocrx_word' id='word_1_254' title='bbox 322 2342 474 2372; x_wconf 89' lang='lat' dir='ltr'><strong>mores</strong></span> <span class='ocrx_word' id='word_1_255' title='bbox 511 2327 632 2371; x_wconf 83' lang='lat' dir='ltr'><strong>ferre</strong></span> <span class='ocrx_word' id='word_1_256' title='bbox 672 2330 957 2387; x_wconf 88' lang='lat' dir='ltr'><strong>potuerunt:</strong></span> <span class='ocrx_word' id='word_1_257' title='bbox 995 2325 1304 2385; x_wconf 83' lang='lat' dir='ltr'><strong>vixeruntque</strong></span> <span class='ocrx_word' id='word_1_258' title='bbox 1340 2323 1552 2369; x_wconf 87' lang='lat' dir='ltr'><strong>nonnulli</strong></span> <span class='ocrx_word' id='word_1_259' title='bbox 1585 2323 1631 2367; x_wconf 88' lang='lat' dir='ltr'><strong>in</strong></span> <span class='ocrx_word' id='word_1_260' title='bbox 1669 2323 1808 2386; x_wconf 87' lang='lat' dir='ltr'><strong>agris,</strong></span> <span class='ocrx_word' id='word_1_261' title='bbox 1848 2323 1927 2370; x_wconf 90' lang='lat' dir='ltr'><strong>de-</strong></span> 
     </span>
     <span class='ocr_line' id='line_1_30' title="bbox 244 2397 1928 2460; baseline -0.002 -13"><span class='ocrx_word' id='word_1_262' title='bbox 244 2408 294 2447; x_wconf 68' lang='lat' dir='ltr'><strong>lz</strong></span> <span class='ocrx_word' id='word_1_263' title='bbox 322 2401 481 2447; x_wconf 88' lang='lat' dir='ltr'><strong>lectati</strong></span> <span class='ocrx_word' id='word_1_264' title='bbox 504 2415 553 2446; x_wconf 86' lang='lat' dir='ltr'><strong>re</strong></span> <span class='ocrx_word' id='word_1_265' title='bbox 579 2415 664 2445; x_wconf 91' lang='lat' dir='ltr'><strong>sua</strong></span> <span class='ocrx_word' id='word_1_266' title='bbox 687 2399 914 2445; x_wconf 84' lang='lat' dir='ltr'><strong>familiari.</strong></span> <span class='ocrx_word' id='word_1_267' title='bbox 986 2399 1073 2445; x_wconf 89' lang='lat' dir='ltr'><strong>His</strong></span> <span class='ocrx_word' id='word_1_268' title='bbox 1098 2398 1223 2444; x_wconf 88' lang='lat' dir='ltr'><strong>idem</strong></span> <span class='ocrx_word' id='word_1_269' title='bbox 1260 2398 1553 2460; x_wconf 89' lang='lat' dir='ltr'><strong>propositum</strong></span> <span class='ocrx_word' id='word_1_270' title='bbox 1577 2397 1679 2451; x_wconf 86' lang='lat' dir='ltr'><strong>fuit,</strong></span> <span class='ocrx_word' id='word_1_271' title='bbox 1706 2397 1834 2459; x_wconf 92' lang='lat' dir='ltr'><strong>quod</strong></span> <span class='ocrx_word' id='word_1_272' title='bbox 1857 2414 1928 2444; x_wconf 87' lang='lat' dir='ltr'><strong>re-</strong></span> 
     </span>
     <span class='ocr_line' id='line_1_31' title="bbox 321 2472 1928 2538; baseline -0.002 -17"><span class='ocrx_word' id='word_1_273' title='bbox 321 2476 473 2538; x_wconf 89' lang='lat' dir='ltr'><strong>gibus,</strong></span> <span class='ocrx_word' id='word_1_274' title='bbox 500 2479 554 2520; x_wconf 89' lang='lat' dir='ltr'><strong>ut</strong></span> <span class='ocrx_word' id='word_1_275' title='bbox 591 2489 649 2520; x_wconf 90' lang='lat' dir='ltr'><strong>ne</strong></span> <span class='ocrx_word' id='word_1_276' title='bbox 685 2489 778 2535; x_wconf 89' lang='lat' dir='ltr'><strong>qua</strong></span> <span class='ocrx_word' id='word_1_277' title='bbox 815 2489 864 2518; x_wconf 90' lang='lat' dir='ltr'><strong>re</strong></span> <span class='ocrx_word' id='word_1_278' title='bbox 903 2478 1108 2535; x_wconf 85' lang='lat' dir='ltr'><strong>egerent,</strong></span> <span class='ocrx_word' id='word_1_279' title='bbox 1136 2488 1194 2518; x_wconf 88' lang='lat' dir='ltr'><strong>ne</strong></span> <span class='ocrx_word' id='word_1_280' title='bbox 1220 2473 1294 2518; x_wconf 91' lang='lat' dir='ltr'><strong>cui</strong></span> <span class='ocrx_word' id='word_1_281' title='bbox 1319 2478 1552 2534; x_wconf 88' lang='lat' dir='ltr'><strong>parerent,</strong></span> <span class='ocrx_word' id='word_1_282' title='bbox 1577 2472 1792 2518; x_wconf 88' lang='lat' dir='ltr'><strong>libertate</strong></span> <span class='ocrx_word' id='word_1_283' title='bbox 1828 2478 1928 2518; x_wconf 87' lang='lat' dir='ltr'><strong>ute-</strong></span> 
     </span>
     <span class='ocr_line' id='line_1_32' title="bbox 322 2547 1563 2611; baseline -0.002 -16"><span class='ocrx_word' id='word_1_284' title='bbox 322 2556 482 2595; x_wconf 89' lang='lat' dir='ltr'><strong>rentur</strong></span> <span class='ocrx_word' id='word_1_285' title='bbox 503 2565 511 2594; x_wconf 89' lang='lat'><strong>:</strong></span> <span class='ocrx_word' id='word_1_286' title='bbox 551 2549 687 2611; x_wconf 91' lang='lat' dir='ltr'><strong>cujus</strong></span> <span class='ocrx_word' id='word_1_287' title='bbox 712 2547 953 2610; x_wconf 87' lang='lat' dir='ltr'><strong>proprium</strong></span> <span class='ocrx_word' id='word_1_288' title='bbox 980 2554 1050 2593; x_wconf 89' lang='lat' dir='ltr'><strong>est</strong></span> <span class='ocrx_word' id='word_1_289' title='bbox 1074 2547 1138 2593; x_wconf 91' lang='lat' dir='ltr'><strong>sic</strong></span> <span class='ocrx_word' id='word_1_290' title='bbox 1164 2547 1332 2601; x_wconf 87' lang='lat' dir='ltr'><strong>vivere,</strong></span> <span class='ocrx_word' id='word_1_291' title='bbox 1359 2555 1412 2592; x_wconf 87' lang='lat' dir='ltr'><strong>ut</strong></span> <span class='ocrx_word' id='word_1_292' title='bbox 1438 2547 1563 2592; x_wconf 79' lang='lat' dir='ltr'><strong>velis,</strong></span> 
     </span>
    </p>
   </div>
   <div class='ocr_carea' id='block_1_3' title="bbox 274 2694 1929 3054">
    <p class='ocr_par' dir='ltr' id='par_1_3' title="bbox 324 2694 1929 2908">
     <span class='ocr_line' id='line_1_33' title="bbox 389 2694 1929 2757; baseline -0.001 -14"><span class='ocrx_word' id='word_1_293' title='bbox 389 2697 518 2744; x_wconf 86' lang='lat' dir='ltr'>XXI.</span> <span class='ocrx_word' id='word_1_294' title='bbox 547 2697 715 2751; x_wconf 79' lang='lat' dir='ltr'><strong>Quare,</strong></span> <span class='ocrx_word' id='word_1_295' title='bbox 731 2713 837 2741; x_wconf 89' lang='lat' dir='ltr'><strong>cum</strong></span> <span class='ocrx_word' id='word_1_296' title='bbox 854 2696 943 2741; x_wconf 91' lang='lat' dir='ltr'><strong>hoc</strong></span> <span class='ocrx_word' id='word_1_297' title='bbox 956 2711 1202 2741; x_wconf 89' lang='lat' dir='ltr'><strong>commune</strong></span> <span class='ocrx_word' id='word_1_298' title='bbox 1219 2695 1276 2740; x_wconf 91' lang='lat' dir='ltr'><strong>sit</strong></span> <span class='ocrx_word' id='word_1_299' title='bbox 1293 2695 1514 2757; x_wconf 84' lang='lat' dir='ltr'><strong>potentiae</strong></span> <span class='ocrx_word' id='word_1_300' title='bbox 1530 2694 1807 2757; x_wconf 91' lang='lat' dir='ltr'><strong>cupidorum</strong></span> <span class='ocrx_word' id='word_1_301' title='bbox 1824 2711 1929 2742; x_wconf 87' lang='lat' dir='ltr'><strong>cum</strong></span> 
     </span>
     <span class='ocr_line' id='line_1_34' title="bbox 327 2769 1929 2834; baseline -0.002 -16"><span class='ocrx_word' id='word_1_302' title='bbox 327 2773 392 2826; x_wconf 87' lang='lat' dir='ltr'><strong>iis,</strong></span> <span class='ocrx_word' id='word_1_303' title='bbox 420 2787 537 2834; x_wconf 92' lang='lat' dir='ltr'><strong>quos</strong></span> <span class='ocrx_word' id='word_1_304' title='bbox 562 2770 670 2824; x_wconf 82' lang='lat' dir='ltr'><strong>dixi,</strong></span> <span class='ocrx_word' id='word_1_305' title='bbox 690 2770 874 2815; x_wconf 85' lang='lat' dir='ltr'><strong>otiosis:</strong></span> <span class='ocrx_word' id='word_1_306' title='bbox 913 2770 1046 2816; x_wconf 87' lang='lat' dir='ltr'><strong>alteri</strong></span> <span class='ocrx_word' id='word_1_307' title='bbox 1082 2785 1131 2815; x_wconf 89' lang='lat' dir='ltr'><strong>se</strong></span> <span class='ocrx_word' id='word_1_308' title='bbox 1156 2769 1354 2831; x_wconf 87' lang='lat' dir='ltr'><strong>adipisci</strong></span> <span class='ocrx_word' id='word_1_309' title='bbox 1385 2769 1431 2815; x_wconf 89' lang='lat' dir='ltr'><strong>id</strong></span> <span class='ocrx_word' id='word_1_310' title='bbox 1465 2785 1603 2832; x_wconf 84' lang='lat' dir='ltr'><strong>posse</strong></span> <span class='ocrx_word' id='word_1_311' title='bbox 1627 2770 1929 2823; x_wconf 88' lang='lat' dir='ltr'><strong>arbitrantur,</strong></span> 
     </span>
     <span class='ocr_line' id='line_1_35' title="bbox 324 2843 1928 2908; baseline -0.002 -16"><span class='ocrx_word' id='word_1_312' title='bbox 324 2847 362 2892; x_wconf 90' lang='lat' dir='ltr'><strong>si</strong></span> <span class='ocrx_word' id='word_1_313' title='bbox 399 2861 514 2908; x_wconf 84' lang='lat' dir='ltr'><strong>opes</strong></span> <span class='ocrx_word' id='word_1_314' title='bbox 549 2859 745 2907; x_wconf 84' lang='lat' dir='ltr'><strong>magnas</strong></span> <span class='ocrx_word' id='word_1_315' title='bbox 781 2844 1012 2890; x_wconf 87' lang='lat' dir='ltr'><strong>habeant:</strong></span> <span class='ocrx_word' id='word_1_316' title='bbox 1051 2843 1198 2897; x_wconf 87' lang='lat' dir='ltr'><strong>alteri,</strong></span> <span class='ocrx_word' id='word_1_317' title='bbox 1227 2845 1265 2889; x_wconf 88' lang='lat' dir='ltr'><strong>si</strong></span> <span class='ocrx_word' id='word_1_318' title='bbox 1300 2844 1508 2890; x_wconf 89' lang='lat' dir='ltr'><strong>contenti</strong></span> <span class='ocrx_word' id='word_1_319' title='bbox 1546 2844 1637 2889; x_wconf 89' lang='lat' dir='ltr'><strong>sint</strong></span> <span class='ocrx_word' id='word_1_320' title='bbox 1671 2850 1720 2889; x_wconf 90' lang='lat' dir='ltr'><strong>et</strong></span> <span class='ocrx_word' id='word_1_321' title='bbox 1755 2859 1855 2897; x_wconf 87' lang='lat' dir='ltr'><strong>suo,</strong></span> <span class='ocrx_word' id='word_1_322' title='bbox 1882 2858 1928 2889; x_wconf 76' lang='lat' dir='ltr'><strong>ei</strong></span> 
     </span>
    </p>

    <p class='ocr_par' dir='ltr' id='par_1_4' title="bbox 274 2916 1928 3054">
     <span class='ocr_line' id='line_1_36' title="bbox 274 2916 1928 2983; baseline -0.003 -17"><span class='ocrx_word' id='word_1_323' title='bbox 274 2925 298 2966; x_wconf 79' lang='lat'>2</span> <span class='ocrx_word' id='word_1_324' title='bbox 326 2935 484 2983; x_wconf 86' lang='lat' dir='ltr'><strong>parvo.</strong></span> <span class='ocrx_word' id='word_1_325' title='bbox 556 2919 612 2964; x_wconf 88' lang='lat' dir='ltr'><strong>In</strong></span> <span class='ocrx_word' id='word_1_326' title='bbox 652 2933 746 2979; x_wconf 93' lang='lat' dir='ltr'><strong>quo</strong></span> <span class='ocrx_word' id='word_1_327' title='bbox 783 2924 1058 2963; x_wconf 87' lang='lat' dir='ltr'><strong>neutrorum</strong></span> <span class='ocrx_word' id='word_1_328' title='bbox 1097 2918 1283 2964; x_wconf 90' lang='lat' dir='ltr'><strong>omnino</strong></span> <span class='ocrx_word' id='word_1_329' title='bbox 1322 2918 1662 2964; x_wconf 83' lang='lat' dir='ltr'><strong>contemnenda</strong></span> <span class='ocrx_word' id='word_1_330' title='bbox 1701 2916 1928 2962; x_wconf 83' lang='lat' dir='ltr'><strong>sententia</strong></span> 
     </span>
     <span class='ocr_line' id='line_1_37' title="bbox 325 2990 1926 3054; baseline -0.002 -15"><span class='ocrx_word' id='word_1_331' title='bbox 325 2999 425 3039; x_wconf 77' lang='lat' dir='ltr'><strong>cst:</strong></span> <span class='ocrx_word' id='word_1_332' title='bbox 452 2992 536 3039; x_wconf 86' lang='lat' dir='ltr'><strong>sed</strong></span> <span class='ocrx_word' id='word_1_333' title='bbox 562 2998 609 3038; x_wconf 89' lang='lat' dir='ltr'><strong>et</strong></span> <span class='ocrx_word' id='word_1_334' title='bbox 633 2991 810 3037; x_wconf 84' lang='lat' dir='ltr'><strong>facilior</strong></span> <span class='ocrx_word' id='word_1_335' title='bbox 829 2997 876 3036; x_wconf 91' lang='lat' dir='ltr'><strong>et</strong></span> <span class='ocrx_word' id='word_1_336' title='bbox 901 2992 1045 3037; x_wconf 83' lang='lat' dir='ltr'><strong>tutior</strong></span> <span class='ocrx_word' id='word_1_337' title='bbox 1070 2998 1117 3036; x_wconf 88' lang='lat' dir='ltr'><strong>ct</strong></span> <span class='ocrx_word' id='word_1_338' title='bbox 1142 2992 1293 3037; x_wconf 88' lang='lat' dir='ltr'><strong>minus</strong></span> <span class='ocrx_word' id='word_1_339' title='bbox 1319 2992 1417 3037; x_wconf 84' lang='lat' dir='ltr'><strong>aliis</strong></span> <span class='ocrx_word' id='word_1_340' title='bbox 1441 2992 1599 3054; x_wconf 79' lang='lat' dir='ltr'><strong>gravis</strong></span> <span class='ocrx_word' id='word_1_341' title='bbox 1624 2997 1705 3037; x_wconf 87' lang='lat' dir='ltr'><strong>aut</strong></span> <span class='ocrx_word' id='word_1_342' title='bbox 1730 2990 1926 3036; x_wconf 79' lang='lat' dir='ltr'><strong>molesta</strong></span> 
     </span>
    </p>
   </div>
  </div>
 </body>
</html>
