2054 3470
303 239 362 280 92
833 272 835 274 s
995 250 1054 279 DE
1082 250 1288 280 ormens

388 363 510 403 taret
545 374 593 404 se
621 357 788 412 valere,
815 358 853 403 si
889 357 1087 421 proximi
1121 358 1322 404 membri
1359 358 1677 404 valetudinem
1711 358 1772 405 ad
1808 374 1860 405 se
1894 363 1983 406 tra-

388 432 612 487 duxisset,
635 432 864 480 debilitari
883 439 931 479 et
948 432 1134 479 interire
1155 439 1312 480 totum
1333 449 1503 495 corpus
1522 448 1712 480 necesse
1732 438 1880 480 esset:
1907 433 1983 494 sic,

388 507 425 552 si
449 524 569 554 unus
594 508 790 570 quisque
814 514 1026 554 nostrum
1050 508 1111 554 ad
1136 524 1185 554 se
1209 508 1362 570 rapiat
1395 508 1645 555 commoda
1669 508 1879 564 aliorum,
1907 509 1987 555 de·

386 583 636 645 trahatque
656 583 782 645 quod
808 583 974 645 cuique
999 583 1162 645 possit,
1183 583 1484 630 emolumenti
1510 583 1580 628 sui
1604 584 1770 647 gratia,
1791 583 1988 630 societas

336 661 359 701 4
386 656 624 704 hominum
651 664 697 704 et
722 658 1032 705 communitas
1057 664 1295 704 evertatur
1318 674 1508 705 necesse
1533 666 1617 705 est.
1677 658 1802 705 Nam
1827 658 1913 705 sibi
1935 665 1988 705 ut

385 730 584 794 quisque
609 733 753 787 malit,
780 733 907 796 quod
933 733 994 779 ad
1020 749 1159 779 usum
1183 734 1292 779 vitre
1317 734 1562 796 pertineat,
1589 750 1732 796 quam
1756 734 1889 780 alteri
1912 749 1987 781 ac·

385 806 581 868 quirere,
609 824 883 854 concessum
907 813 992 862 est,
1013 824 1105 854 non
1130 814 1423 872 repugnante
1448 814 1615 854 natura
1635 824 1644 854 z
1681 808 1797 854 illud
1821 814 1988 855 natura

386 896 479 926 non
498 882 689 943 patitur,
711 889 764 928 ut
783 883 978 928 aliorum
1000 882 1156 945 spoliis
1181 888 1364 928 nostras
1389 883 1654 938 facultates,
1681 883 1852 946 copias,
1874 899 1988 946 opes

332 963 358 1002 5
386 971 659 1018 augeamus.
733 957 902 1019 Neque
926 973 1037 1004 vero
1056 958 1145 1004 hoc
1171 957 1323 1003 solum
1349 963 1532 1012 natura,
1557 957 1605 1004 id
1633 963 1713 1024 pst
1744 958 1850 1021 jure
1875 974 1987 1021 gen·

386 1030 514 1084 tium,
541 1031 625 1076 sed
650 1031 790 1078 etiam
813 1032 997 1095 legibus
1023 1032 1322 1094 populorum,
1350 1032 1518 1094 quibus
1543 1032 1588 1078 in
1613 1032 1805 1096 singulis
1830 1033 1987 1080 civita·

383 1104 509 1151 tibus
534 1120 609 1151 res
634 1106 823 1167 publica
848 1107 1126 1161 continetur,
1149 1106 1316 1153 eodem
1340 1107 1482 1152 modo
1502 1107 1809 1154 constitutum
1829 1112 1914 1163 est,
1934 1114 1988 1154 ut

331 1184 357 1226 6
383 1196 476 1225 non
500 1179 638 1226 liceat
662 1180 733 1226 sui
758 1181 995 1228 commodi
1027 1196 1170 1227 causa
1193 1197 1362 1227 nocere
1387 1182 1534 1228 alteri.
1604 1182 1710 1229 Hoc
1735 1183 1858 1229 enim
1882 1199 1987 1246 spe·

383 1259 511 1300 etant
528 1254 671 1317 leges,
685 1255 772 1301 hoc
787 1256 963 1311 volunt,
984 1256 1265 1302 incolumem
1286 1272 1387 1302 esse
1408 1256 1575 1303 civium
1591 1257 1986 1320 conjunctionem:

383 1344 525 1391 quam
546 1328 624 1391 qui
644 1329 878 1385 dirimunt,
900 1347 979 1376 eos
1004 1336 1168 1384 morte,
1190 1331 1340 1385 exilio,
1361 1331 1537 1386 vinclis,
1560 1331 1731 1378 damno
1756 1338 1987 1381 coercent.

331 1404 355 1451 7
384 1405 547 1466 Atque
587 1404 676 1450 hoc
713 1405 863 1451 multo
899 1405 1052 1469 magis
1089 1405 1229 1452 efficit
1264 1406 1366 1468 ipsa
1400 1412 1583 1452 naturae
1617 1407 1748 1462 ratio,
1775 1423 1882 1469 quae
1917 1415 1988 1454 est

382 1478 457 1524 lex
482 1480 636 1527 divina
661 1485 708 1526 et
732 1481 951 1534 humana,
979 1480 1052 1526 cui
1079 1496 1241 1542 parere
1267 1481 1347 1542 qui
1372 1481 1483 1526 velit
1511 1479 1692 1544 (omnes
1717 1488 1877 1528 autem
1903 1499 1985 1546 pa-

383 1555 566 1610 rebunt,
593 1555 671 1618 qui
697 1542 957 1601 secundum
982 1561 1199 1601 naturam
1217 1556 1374 1601 volent
1395 1554 1568 1619 vivere)
1595 1572 1835 1619 nunquam
1861 1573 1986 1603 com-

381 1629 550 1685 mittet,
577 1637 630 1676 ut
665 1630 866 1675 alienum
902 1634 1111 1691 appetat,
1140 1635 1187 1676 et
1211 1630 1271 1683 id,
1299 1630 1427 1692 quod
1451 1630 1582 1677 alteri
1608 1630 1873 1686 detraxerit,
1901 1632 1986 1678 sibi

318 1709 356 1749 -8
382 1710 603 1751 assumat.
664 1704 849 1750 Etenim
874 1704 1023 1749 multo
1049 1704 1199 1767 magis
1220 1710 1290 1750 est
1311 1704 1570 1751 secundum
1595 1711 1812 1752 naturam
1837 1707 1985 1753 excel·

382 1778 493 1824 sitas
517 1779 657 1825 animi
681 1784 729 1825 et
753 1778 1043 1842 magnitudo,
1072 1778 1276 1841 itemque
1304 1780 1629 1836 communitas,
1652 1780 1848 1843 justitia,
1873 1782 1984 1828 libe-

382 1853 554 1908 ralitaS,
582 1870 724 1916 quam
759 1854 993 1916 voluptas,
1029 1869 1170 1915 quam
1208 1854 1318 1908 vita,
1347 1870 1488 1914 quain
1513 1855 1716 1901 divitiae:
1753 1872 1860 1919 quae
1886 1857 1984 1919 qui-

382 1927 490 1987 dem
512 1936 813 1975 contemnere
839 1934 886 1974 et
911 1944 997 1990 pro
1021 1929 1161 1974 nihilo
1183 1929 1368 1983 ducere,
1391 1936 1741 1992 comparantem
1768 1947 1874 1977 cum
1897 1932 1985 1978 uti·

329 2007 356 2049 9
383 2002 512 2049 litate
532 2003 781 2058 communi,
802 2003 962 2066 magni
981 2003 1120 2049 animi
1140 2009 1187 2049 et
1206 2005 1376 2051 excelsi
1400 2011 1485 2052 est.
1546 2005 1808 2052 Detrahere
1827 2012 1985 2052 autem

381 2077 441 2123 de
461 2077 607 2124 altero
627 2078 697 2124 sui
722 2078 956 2124 commodi
976 2094 1131 2133 causa,
1153 2079 1302 2142 magis
1322 2085 1393 2126 est
1413 2085 1573 2125 contra
1591 2085 1821 2135 naturam,
1842 2096 1984 2143 quam

304 2156 356 2197 10
382 2168 519 2210 mors,
548 2168 690 2214 quam
716 2152 865 2207 dolor,
892 2169 1033 2214 quam
1064 2159 1218 2199 cetera
1254 2154 1438 2216 generis
1472 2154 1698 2217 ejusdem.
1770 2155 1984 2217 Itemque

380 2226 531 2288 magis
556 2232 628 2272 est
652 2226 911 2272 secundum
935 2232 1165 2281 naturam,
1196 2244 1281 2288 pro
1312 2229 1524 2275 omnibus
1556 2229 1789 2291 gentibus,
1817 2230 1854 2276 si
1888 2230 1983 2277 ficri

380 2300 542 2365 possit,
569 2300 896 2347 conservandis
921 2306 1003 2346 aut
1023 2301 1244 2363 juvandis
1270 2301 1496 2348 maximos
1520 2303 1705 2349 labores
1724 2304 1983 2350 molestias-

379 2390 473 2436 ¹que
515 2374 764 2437 suscipere,
801 2374 1064 2420 imitantem
1101 2374 1356 2421 Herculem
1391 2375 1537 2430 illum,
1564 2393 1705 2439 quem
1740 2378 1981 2425 hominum

380 2449 521 2504 fama,
548 2449 878 2496 beneficiorum
911 2464 1105 2507 memor,
1132 2449 1178 2495 in
1211 2450 1403 2496 concilio
1436 2451 1697 2497 coelestium
1722 2452 1980 2506 collocavit,

380 2540 526 2586 quam
553 2525 710 2571 vivere
735 2524 782 2570 in
806 2523 1069 2578 solitudine,
1095 2540 1188 2570 non
1220 2524 1361 2570 modo
1387 2524 1482 2570 sine
1506 2525 1611 2570 ullis
1635 2526 1870 2581 molestiis,
1898 2526 1977 2572 sed
2016 2582 2020 2583 ⁷

382 2599 522 2645 etiam
556 2599 603 2645 in
625 2599 837 2644 maximis
861 2598 1196 2661 voluptatibus,
1223 2598 1541 2645 abundantem
1577 2599 1790 2646 omnibus
1824 2600 1978 2663 copiis,

304 2679 353 2719 11
382 2679 435 2719 ut
458 2674 659 2720 ,excellas
684 2674 825 2720 etiam
848 2673 1196 2735 pulchritudine
1220 2679 1267 2719 et
1292 2673 1477 2720 viribus.
1550 2675 1779 2730 Quocirca
1803 2676 1981 2738 optimo

382 2747 577 2810 quisque
616 2754 663 2794 et
704 2747 1082 2809 splendidissimo
1122 2747 1306 2810 ingenio
1347 2748 1488 2811 longe
1526 2749 1652 2794 illam
1687 2749 1832 2795 vitam
1874 2750 1980 2796 huic

302 2827 355 2868 12
383 2822 637 2883 anteponit.
707 2822 779 2866 Ex
814 2837 908 2883 quo
944 2821 1153 2875 efficitur,
1195 2821 1432 2868 hominem
1467 2829 1648 2869 naturae
1687 2823 1980 2870 obedientem

302 2900 355 2941 13
383 2895 558 2942 homini
580 2911 748 2941 nocere
770 2911 862 2940 non
887 2911 1038 2957 posse.
1099 2895 1280 2941 Deinde
1305 2896 1383 2957 qui
1408 2897 1608 2942 alterum
1630 2897 1784 2952 violat,
1804 2903 1858 2942 ut
1880 2897 1980 2960 ipse

385 2969 558 3032 aliquid
596 2968 829 3016 commodi
867 2975 1194 3031 consequatur,
1223 2975 1305 3015 aut
1339 2970 1451 3016 nihil
1487 2970 1722 3016 existimat
1754 2986 1803 3016 se
1826 2970 1980 3017 facere

383 3049 545 3091 contra
568 3049 784 3090 naturam
807 3059 816 3097 ;
853 3049 935 3089 aut
960 3043 1110 3106 magis
1134 3043 1404 3106 fugiendam
1430 3049 1588 3090 censet
1616 3050 1828 3099 mortem,
1865 3060 1978 3108 pau·
