2054 3470
637 262 777 291 Linea
815 262 883 292 111.
957 262 1065 292 CAP.
1105 264 1200 293 xrx.
1674 253 1761 295 107

77 377 159 415 bus
185 369 273 414 hoc
299 368 402 414 loco
427 368 750 414 disserendum
776 375 876 414 est:
915 369 994 431 qui
1018 385 1111 415 non
1135 370 1288 416 verbis
1314 377 1423 417 suut
1448 378 1494 416 et
1519 371 1677 433 dispu-

75 443 243 490 tatione
269 443 673 506 philosophorum,
700 443 784 490 sed
808 443 968 490 vinclis
993 450 1042 490 et
1066 460 1252 491 carcere
1276 445 1518 509 fatigandi.
1580 446 1676 492 Sed

74 527 172 565 naec
198 519 560 572 consideremus,
581 534 687 580 quae
712 518 890 564 faciunt
907 519 950 573 ii,
971 519 1052 581 qui
1075 519 1311 566 habentur
1335 521 1457 568 boni.
1519 521 1572 568 L.
1591 521 1676 567 Mi-
1705 527 1731 568 3
1777 542 1793 554 ·

71 593 188 640 nucii
213 593 367 648 Basili,
393 593 642 656 locupletis
668 593 881 648 hominis,
908 594 1080 640 falsum
1114 600 1451 641 testamentum
1485 596 1677 659 quidam

71 684 93 714 e
121 669 302 715 Graecia
326 669 525 715 Romam
550 668 825 716 attulerunt.
897 669 1036 724 Quod
1062 686 1156 731 quo
1181 670 1360 716 facilius
1397 671 1675 726 obtinerent,
1703 676 1730 718 4

69 744 352 806 scripserunt
389 743 588 789 heredes
627 759 787 789 secum
826 743 891 790 M.
922 744 1148 790 Crassum
1185 750 1234 790 et
1269 745 1323 800 Q.
1354 745 1673 801 Hortensium,

70 818 276 865 homines
296 819 510 882 ejusdem
532 818 682 864 aetatis
708 818 1056 881 potentissimos
1078 835 1087 865 :
1126 820 1218 882 (1111,
1241 837 1349 866 011111
1367 821 1482 866 illud
1502 821 1674 868 falsum

68 910 167 941 csse
192 894 556 957 suspicarentur,
584 893 669 940 sibi
704 900 864 940 autem
901 894 1074 940 nullius
1112 900 1268 940 essent
1306 895 1476 942 conscii
1502 896 1674 958 culpae,

67 969 199 1015 alleni
223 969 436 1015 facinoris
456 969 790 1015 munusculum
815 985 908 1015 non
932 969 1313 1032 repudiaverunt.
1375 971 1500 1026 Quid
1525 973 1675 1035 ergo?
1703 979 1731 1020 5

66 1043 199 1090 satin'
222 1052 294 1091 est
317 1045 421 1099 hoc,
437 1050 491 1090 ut
513 1061 606 1090 non
632 1044 881 1107 deliquisse
901 1044 1184 1091 videantur?
1245 1045 1361 1091 Mihi
1377 1046 1566 1108 quidem
1585 1063 1678 1093 non

65 1119 278 1165 videtur:
317 1135 604 1182 quamquam
637 1120 838 1165 alterum
862 1120 1020 1166 vivum
1059 1120 1225 1174 amavi,
1254 1120 1455 1167 alterum
1481 1138 1575 1168 nou
1599 1122 1678 1169 odi

64 1200 316 1240 mortuum.
388 1194 484 1240 Sed
521 1211 628 1240 011111
654 1195 838 1241 Basilus
864 1195 928 1241 M.
957 1195 1178 1249 Satrium,
1214 1196 1383 1242 sororis
1409 1196 1567 1251 filium,
1594 1214 1675 1244 no-
1703 1203 1730 1243 6

63 1286 171 1315 men
206 1285 344 1315 suum
379 1269 500 1315 ferre
537 1269 776 1324 voluisset,
803 1285 1007 1332 eumque
1048 1271 1238 1317 fecisset
1275 1271 1501 1318 heredem
1530 1271 1675 1336 (hunc

64 1344 168 1391 dico
192 1350 442 1407 patronum
475 1344 578 1408 agri
601 1345 761 1391 Piceni
796 1350 845 1391 et
881 1345 1069 1392 Sabini:
1107 1362 1136 1392 o
1161 1351 1350 1408 turpem
1374 1352 1535 1392 notam
1559 1353 1679 1394 tem-

63 1436 230 1483 porum
249 1420 433 1466 illorum
451 1420 481 1483 1)
503 1437 615 1466 num
635 1426 734 1466 erat
755 1435 958 1482 aequum,
978 1420 1212 1484 principes
1231 1421 1344 1468 civis
1359 1437 1460 1467 rem
1480 1422 1672 1478 habere,

62 1495 123 1541 ad
153 1495 358 1541 Satrium
385 1495 496 1541 nihil
525 1501 701 1558 praeter
717 1511 889 1541 nomen
910 1496 1190 1559 pervenire?
1260 1496 1448 1543 Etenim
1468 1497 1506 1543 si
1524 1497 1575 1551 is,
1599 1498 1678 1560 qui
1706 1499 1731 1545 7

61 1587 154 1616 11011
183 1570 390 1617 defendit
424 1570 654 1633 injuriam,
680 1586 834 1633 neque
870 1571 1133 1634 propulsat,
1162 1589 1270 1619 cum
1304 1578 1476 1635 potest,
1504 1572 1676 1636 injuste

62 1646 184 1701 facit,
211 1651 266 1691 ut
290 1645 335 1691 111
360 1645 511 1708 primo
545 1646 663 1692 libro
700 1646 924 1701 disserui3
962 1647 1111 1709 qualis
1149 1647 1397 1694 habendus
1424 1654 1496 1694 est
1519 1648 1572 1703 is,
1599 1649 1678 1711 qui

61 1737 153 1767 non
192 1721 334 1767 modo
368 1737 463 1767 non
499 1721 699 1784 repellit,
727 1721 811 1767 sed
837 1721 977 1768 etiam
1002 1722 1201 1785 adjuvat
1234 1723 1490 1786 injuriam?
1561 1724 1675 1770 Mihi
1705 1730 1731 1771 8

61 1796 250 1859 quidem
294 1796 434 1842 etiam
475 1812 599 1843 verae
639 1797 928 1843 hereditates
968 1813 1061 1843 non
1105 1798 1319 1845 honestae
1363 1799 1597 1854 videntur,
1635 1799 1673 1847 51

61 1877 170 1917 sunt
206 1871 446 1918 malitiosis
479 1872 728 1926 blanditiis,
757 1872 1014 1919 officiorum
1050 1889 1143 1918 non
1179 1874 1375 1920 veritate
1411 1875 1495 1921 sed
1533 1875 1675 1921 5111111-

61 1946 244 2001 latione,
276 1947 505 2009 quaesitae.
577 1947 729 2009 Atqui
762 1947 807 1992 in
832 1947 1004 1993 talibus
1042 1949 1182 1994 rebus
1219 1949 1348 1995 aliud
1384 1950 1498 1996 utile
1524 1949 1674 1996 inter·
1703 1955 1730 1996 9

62 2021 190 2076 dum,
216 2021 344 2067 aliud
368 2022 621 2068 honestum
647 2021 794 2068 videri
820 2022 952 2069 solet.
1025 2022 1179 2069 Falso.
1252 2023 1376 2070 Nam
1399 2024 1566 2070 eadem
1586 2024 1675 2070 uti-

63 2096 218 2151 litatis,
247 2113 356 2158 quae
381 2097 655 2151 honestatis,
683 2102 756 2143 est
780 2098 958 2161 regula.
1031 2098 1121 2153 Qui
1152 2098 1242 2145 hoc
1278 2115 1371 2144 non
1406 2098 1674 2162 perviderit,
1705 2104 1762 2146 10

63 2173 122 2218 ab
146 2172 236 2218 hoc
255 2171 383 2217 nulla
407 2172 536 2218 fraus
555 2172 717 2227 aberit,
736 2173 920 2219 nullum
938 2172 1130 2219 facinus.
1193 2173 1268 2219 Sic
1289 2173 1411 2220 enim
1434 2174 1646 2238 cogitans
1665 2189 1673 2220 :
1704 2178 1760 2221 11

68 2246 156 2293 Est
190 2248 306 2293 istuc
330 2247 513 2308 quidem
548 2248 798 2302 honestum,
825 2264 984 2294 verum
1007 2249 1086 2294 hoc
1110 2249 1284 2308 ezpedit
1299 2265 1319 2307 ;
1358 2265 1433 2295 res
1458 2265 1486 2295 a
1508 2255 1678 2295 natura

65 2323 308 2386 copulatas
343 2322 538 2370 audebit
578 2339 734 2370 errore
773 2323 1022 2379 divellere3
1077 2324 1156 2386 qui
1196 2324 1300 2370 fons
1337 2331 1408 2371 est
1424 2323 1676 2379 fraudium,

65 2397 411 2453 maleficiorum,
438 2398 668 2445 scelerum
693 2399 914 2446 omnium.

129 2548 259 2596 XIX.
297 2550 465 2612 Itaque
498 2549 535 2595 si
570 2549 640 2595 vir
670 2550 823 2596 bonus
857 2549 1033 2596 habeat
1069 2550 1190 2596 hanc
1215 2549 1325 2605 vim,
1353 2555 1421 2605 ut,
1456 2550 1494 2596 si
1519 2548 1677 2614 digitis

65 2624 403 2686 concrepuerit,
441 2623 590 2687 possit
624 2624 672 2671 in
705 2624 1014 2687 locupletium
1050 2630 1335 2672 testamenta
1369 2641 1540 2671 nomen
1575 2625 1678 2688 ejus

66 2698 283 2761 irrepere,
309 2699 398 2745 hac
424 2699 469 2745 vi
492 2716 584 2746 non
608 2705 784 2755 utatur,
804 2716 862 2746 ne
887 2699 925 2746 si
949 2699 1250 2763 exploratum
1273 2700 1465 2763 quidem
1488 2700 1676 2755 habeat,

67 2772 112 2819 id
149 2773 335 2820 omnino
366 2790 598 2821 nemmem
631 2791 842 2838 unquam
866 2775 1230 2838 suspicaturum.
1300 2775 1371 2821 At
1396 2775 1532 2821 dares
1555 2775 1677 2821 hanc
1704 2780 1732 2822 2

68 2848 160 2894 ‘cim
195 2848 260 2895 M.
290 2849 555 2903 Crasso,·ut
580 2849 835 2913 digitorum
872 2849 1171 2913 percussione
1207 2850 1343 2896 heres
1377 2855 1538 2912 posset
1570 2848 1678 2895 scri·

68 2934 179 2987 ptus
214 2940 331 2978 esse,
358 2923 438 2986 qui
471 2940 523 2970 re
545 2940 657 2970 vera
680 2941 771 2971 non
804 2931 928 2972 esset
962 2926 1101 2971 heres
1122 2941 1133 2980 ;
1170 2924 1216 2971 111
1240 2925 1355 2979 foro,
1384 2924 1523 2971 crede
1548 2923 1677 2978 mihi,

69 2999 275 3046 saltaret,
344 2998 504 3045 Homo
539 3004 698 3046 autem
729 3000 902 3063 justus,
930 3000 1062 3063 isque
1099 3015 1240 3062 quem
1277 2998 1502 3045 sentimus
1528 2998 1678 3044 Virum
1704 3003 1731 3044 3

74 3073 261 3128 ¹(vonum,
281 3073 395 3120 nihil
421 3073 653 3136 cuiquam,
679 3075 807 3137 quod
832 3075 877 3121 in
902 3091 951 3120 se
976 3074 1242 3129 transferat,
1269 3073 1501 3120 detrahet.
1572 3072 1678 3119 Hoc
