2054 3470
662 265 804 294 LIBER.
830 264 899 293 111.
971 263 1080 294 CAP.
1108 264 1151 293 v.
1687 255 1741 295 91

65 369 176 415 tatio
200 369 382 424 accidit,
409 370 546 432 quale
573 370 632 416 sit
655 370 717 424 id,
745 369 804 416 de
829 386 922 432 quo
947 369 1278 416 consideretur.
1350 369 1490 431 Saepe
1515 371 1658 417 enim-
1689 377 1741 418 11

63 450 272 507 tempore
297 445 362 499 fit,
384 451 450 500 ut,
471 445 598 507 quod
623 450 760 507 turpe
786 445 1065 507 plerumque
1088 444 1251 490 haberi
1275 443 1437 499 soleat,
1461 444 1661 490 invenia-

61 524 136 564 tur
169 536 262 565 non
297 535 399 566 esse
434 526 586 582 turpe.
656 519 874 582 Exempli
911 534 1052 565 causa
1085 525 1288 582 ponatur
1315 518 1504 581 aliquid,
1532 520 1659 581 quod

59 600 218 656 pateat
235 594 386 640 latius.
440 595 578 650 Quod
599 600 757 656 potest
775 594 929 656 majus
949 609 1050 639 esse
1066 593 1232 648 5661115,
1251 609 1393 655 quam
1411 609 1503 639 non
1518 595 1660 640 modo
1689 600 1744 642 1⁶2

59 668 305 723 hominem,
339 668 422 715 sed
458 668 598 714 etiam
631 668 907 714 familiarem
942 668 1177 713 hominem
1212 667 1460 714 occidere?
1531 668 1660 714 Num

57 743 198 806 igitur
231 758 280 789 56
316 743 526 789 astrinxit
561 743 750 797 scelere,
778 743 816 789 si
839 743 919 805 qui
953 748 1204 805 tyrannum
1237 742 1420 797 occidit,
1448 743 1661 805 quamvis

57 817 365 864 familiarem?
435 818 622 880 Populo
657 818 846 880 quidem
887 818 1100 864 Romano
1135 833 1229 862 non
1263 816 1462 870 videtur,
1488 817 1568 879 qui
1603 833 1659 863 ex
1690 823 1744 863 13

59 892 268 939 omnibus
295 892 529 955 praeclaris
553 892 690 939 factis
710 892 825 938 illud
851 892 1216 954 pulcherrimum
1237 891 1486 937 existimat.
1535 892 1662 937 Vicit

55 982 169 1029 ergo
193 967 723 1040 utilitas-honestatem?
777 968 929 1013 Immo
948 983 1057 1012 vero
1078 967 1372 1012 honestatem
1392 966 1568 1012 utilitas
1589 972 1661 1012 est

56 1048 320 1088 consecuta.

122 1188 302 1252 ltaque,
330 1197 383 1236 ut
408 1191 505 1236 sine
530 1192 625 1237 ullo
659 1208 811 1237 errore
838 1191 1094 1253 dijudicare
1131 1191 1381 1254 possimus,
1409 1191 1446 1237 si
1470 1190 1660 1253 quando
1688 1197 1742 1239 14

58 1282 162 1310 611111
187 1266 280 1319 illo,
307 1266 435 1327 quod
471 1266 721 1312 honestum
755 1266 1076 1328 intelligimus,
1104 1281 1316 1329 pugnare
1340 1266 1387 1312 id
1411 1266 1658 1321 videbitur,

58 1340 183 1401 quod
219 1341 515 1402 appellamus
547 1341 675 1395 utile,
715 1341 918 1386 formula
953 1341 1172 1402 quaedam
1208 1340 1536 1387 constituenda
1571 1347 1658 1395 est,

56 1430 194 1476 quam
230 1414 268 1460 si
303 1431 554 1477 sequemur
593 1416 638 1461 in
685 1415 1029 1478 comparatione
1065 1431 1235 1469 rerum,
1262 1416 1322 1461 ab
1358 1415 1507 1461 officio
1528 1409 1658 1461 'nun-

54 1505 194 1550 quam
216 1490 504 1536 recedemus.
565 1490 667 1536 Erit
685 1496 845 1536 autem
865 1491 967 1536 haec
986 1490 1187 1536 formula
1208 1490 1472 1536 Stoicorum
1492 1490 1659 1536 rationi
1687 1496 1742 1538 15

54 1563 403 1627 disciplinaeque
436 1564 635 1610 maxime
672 1571 982 1611 consentanea
1003 1580 1013 1610 ε
1051 1580 1191 1627 quam
1217 1565 1407 1627 quidem
1433 1565 1504 1610 his
1529 1565 1657 1612 libris

53 1648 302 1700 propterea
327 1639 579 1701 sequimur,
608 1639 749 1701 quod,
777 1655 1064 1701 quamquam
1089 1646 1136 1684 et
1159 1655 1186 1684 a
1210 1641 1447 1685 veteribus
1471 1640 1658 1686 Acade-

53 1713 178 1759 micis
198 1719 245 1759 et
271 1729 298 1759 a
322 1713 648 1776 Peripateticis
669 1715 847 1769 vestris,
869 1714 948 1776 qui
965 1714 1202 1776 quondam
1221 1714 1360 1760 iidem
1387 1720 1530 1768 erant,
1552 1730 1655 1777 quae
1698 1755 1702 1758 .

52 1787 248 1833 honesta
282 1794 392 1834 sunt
427 1795 780 1851 anteponuntur
813 1789 881 1843 iis,
908 1804 1015 1851 quae
1050 1789 1268 1834 videntur
1302 1789 1464 1843 utilia;
1500 1796 1655 1836 tamen

55 1862 340 1924 splendidius
364 1863 467 1909 haec
493 1865 553 1910 ab
573 1863 636 1909 eis
658 1863 963 1918 disseruntur,
991 1864 1173 1925 quibUS,
1201 1879 1231 1925 q
1246 1880 1277 1908 u
1292 1863 1306 1909 i
1323 1880 1346 1909 6
1364 1880 1392 1926 q
1409 1864 1512 1909 uid
1549 1865 1580 1909 11
1598 1881 1654 1910 o·

52 1944 301 1984 nestum
338 1944 448 1992 est,
486 1937 652 1984 idem
686 1938 854 1984 utile
888 1938 1089 1993 videtur,
1127 1954 1240 1984 nec
1276 1939 1443 1984 utile
1479 1939 1654 2001 quic-

51 2028 255 2073 quam,
292 2013 457 2074 quod
502 2028 621 2058 non
661 2013 1036 2067 honestum3
1084 2029 1226 2075 quam
1269 2014 1328 2059 ab
1371 2013 1453 2067 iis„
1486 2013 1656 2076 quibus

51 2093 132 2131 aut
156 2086 404 2132 honestum
430 2086 604 2148 aliquid
629 2102 722 2132 non
742 2087 868 2141 utile,
889 2093 971 2133 aut
988 2087 1102 2134 utile
1120 2104 1212 2133 non
1231 2088 1495 2135 honestum,
1557 2088 1653 2134 No·
1686 2094 1737 2141 16

55 2161 121 2206 bis
146 2167 303 2206 autem
327 2167 488 2206 nostra
511 2161 774 2207 Academia
796 2177 1017 2224 magnam
1044 2162 1277 2209 licentiam
1303 2162 1400 2217 dat,
1426 2170 1479 2208 ut
1505 2162 1652 2225 quoda

51 2250 233 2297 cunque
259 2235 459 2281 maxime
485 2236 727 2298 probabile
752 2242 981 2290 occurrat,
1009 2237 1056 2282 id
1092 2245 1252 2283 nostro
1272 2237 1378 2300 jure
1411 2238 1548 2283 liceat
1573 2238 1652 2285 de·-

55 2309 256 2356 fendere.
328 2309 424 2356 Sed
448 2310 588 2356 redeo
614 2310 674 2356 ad
700 2311 965 2359 formulam.

116 2459 174 2505 V.
212 2459 473 2505 Detrahere
498 2460 639 2523 igitur
663 2459 794 2506 alteri
818 2460 1007 2522 aliquid,
1035 2467 1082 2507 et
1106 2462 1341 2508 hominem
1368 2463 1563 2508 hominis
1589 2464 1652 2511 in-

51 2533 299 2579 commodo
335 2550 472 2580 suum
508 2551 681 2598 augere
719 2535 1035 2590 commodum,
1062 2537 1211 2599 magis
1237 2543 1308 2582 est
1334 2545 1494 2585 contra
1519 2552 1651 2584 natu-

52 2623 164 2661 ram,
191 2624 332 2670 quam
355 2625 494 2663 mors,
517 2626 658 2671 quam
683 2618 951 2672 paupertas,
974 2626 1116 2672 quam
1142 2611 1288 2665 dolor,
1316 2628 1455 2673 quam
1483 2620 1650 2665 cetera,

50 2697 156 2743 quae
181 2689 376 2743 possunt
402 2689 484 2728 aut
518 2684 700 2745 corpori
725 2684 935 2730 accidere
961 2691 1043 2731 aut
1068 2686 1209 2731 rebus
1235 2687 1451 2732 externis.
1524 2687 1647 2733 Nam
1678 2695 1702 2732 ‘A'

52 2756 276 2818 principio
292 2757 412 2802 tollit
432 2758 693 2803 convictum
711 2758 970 2805 humanum
989 2765 1036 2805 et
1055 2760 1339 2806 societatem.
1379 2761 1427 2806 Si
1448 2761 1566 2807 enim
1588 2761 1649 2806 sic

52 2828 222 2875 erimus
257 2830 424 2883 affecti,
452 2837 505 2875 ut
541 2839 735 2893 propter
765 2848 903 2881 suum
929 2833 1126 2895 quisque
1152 2835 1517 2892 emolumentum
1544 2851 1648 2896 spo-

53 2901 131 2950 liet
148 2908 230 2949 aut
248 2903 389 2949 violet
409 2904 622 2959 alterum,
645 2905 850 2968 dirumpi
873 2923 1066 2954 necesse
1092 2914 1162 2954 est
1187 2923 1304 2962 eam,
1327 2925 1432 2970 quae
1453 2910 1649 2953 maxime

51 2983 125 3023 est
154 2978 414 3024 secundum
447 2985 677 3033 naturam,
705 2980 895 3026 humani
930 2982 1113 3043 generis
1149 2982 1433 3028 societatem.
1507 2983 1585 3035 Ut,
1612 2982 1647 3027 si
1677 2988 1700 3028 3

53 3052 419 3114 unumquodque
443 3053 704 3098 membrum
730 3070 916 3100 sensum
941 3056 1064 3101 hunc
1091 3056 1301 3109 haberet,
1323 3063 1374 3101 ut
1400 3071 1536 3118 posse
1563 3073 1647 3118 pu·

460 3123 482 3158 5
