2054 3470
263 229 317 270 56
963 242 1022 270 nn
1051 241 1258 272 osricus

343 349 443 394 nori
490 365 675 394 summo
721 365 873 410 nuper
919 354 1080 396 nostro
1128 349 1289 396 Miloni
1335 349 1437 404 fuit,
1486 349 1566 412 qui
1612 349 1947 413 gladiatoribus

344 423 514 486 emptis
553 423 620 469 rei
662 423 865 486 publicae
901 439 1056 478 causa,
1087 440 1194 487 quae
1231 425 1385 470 salute
1417 431 1577 470 nostra
1612 425 1947 481 continebatur,

293 504 318 544 -5
346 514 505 544 omnes
525 498 578 545 Ρ.
603 498 755 544 Clodii
780 504 974 544 conatus
1000 499 1274 562 furoresque
1295 499 1585 562 compressit.
1635 499 1792 545 Causa
1809 499 1947 563 igitur

344 572 600 635 largitionis
627 580 711 627 est,
750 573 788 618 si
823 578 905 619 aut
940 589 1131 620 necesse
1174 580 1260 629 est,
1298 581 1380 620 aut
1415 574 1543 620 utile.
1616 575 1673 620 In
1697 574 1769 620 his
1794 581 1948 621 autem

290 651 318 692 6
343 646 454 709 ipsis
480 647 812 694 mediocritatis
838 648 1003 711 regula
1028 649 1206 711 optima
1231 654 1315 695 est.
1386 650 1438 695 L.
1467 649 1658 711 quidem
1684 649 1949 712 Philippus,

344 711 398 777 Q.
427 722 496 777 F„
524 738 696 786 magno
721 723 789 769 vir
823 722 1007 786 ingenio
1043 723 1090 769 in
1126 723 1380 786 primisque
1417 724 1584 778 clarus,
1611 724 1799 787 gloriari
1835 725 1951 770 sole-

344 798 440 855 bat,
479 814 527 844 se
564 798 660 844 sine
695 798 792 844 ullo
827 814 1019 844 munere
1056 798 1284 861 adeptum
1320 814 1422 844 esse
1457 799 1624 853 omnia,
1663 815 1770 861 quae
1811 799 1951 845 habe-

291 871 310 918 7
343 879 505 918 rentur
529 873 828 936 amplissima.
889 873 1090 920 Dicebat
1114 873 1238 919 idem
1266 873 1423 928 Cotta,
1449 874 1607 920 Curio.
1666 874 1815 920 Nobis
1839 890 1951 936 quo·

342 963 433 1009 que
458 948 566 994 licet
590 948 635 993 in
659 948 747 993 hoc
774 947 979 1010 quodam
1013 947 1154 993 modo
1189 947 1390 1010 gloriari.
1464 948 1590 993 Nam
1619 964 1705 1010 pro
1730 948 1952 1011 amplitu-

344 1022 450 1069 dine
486 1023 729 1076 honorum,
758 1039 875 1084 quos
911 1022 1091 1068 cunctis
1127 1022 1360 1086 suffragiis
1396 1022 1557 1086 adepti
1593 1039 1756 1069 sumus
1796 1029 1951 1070 nostro

342 1097 532 1159 quidem
571 1113 705 1151 anno,
733 1097 861 1159 quod
897 1096 1096 1160 contigit
1132 1112 1295 1143 eorum
1328 1097 1513 1152 nemini,
1543 1114 1660 1160 quos
1696 1098 1838 1145 modo
1873 1115 1952 1145 no-

291 1179 317 1218 8
344 1172 528 1226 minavi‚
557 1188 668 1218 sane
704 1172 902 1236 exiguus
939 1178 1156 1235 sumptus
1191 1172 1423 1218 aedilitatis
1452 1172 1552 1219 fuit.
1624 1173 1787 1235 Atque
1812 1173 1951 1220 etiam

341 1247 433 1294 illae
468 1247 692 1310 impensae
727 1247 954 1302 meliores,
985 1247 1119 1302 muri,
1155 1247 1351 1301 navalia,
1379 1255 1557 1310 portus,
1585 1264 1810 1310 aquarum
1840 1248 1951 1294 duc-

290 1328 316 1368 9
344 1328 433 1376 tus
461 1322 724 1384 omniaque,
751 1337 858 1384 quae
883 1322 944 1367 ad
968 1339 1107 1368 usum
1131 1322 1196 1368 rei
1232 1323 1435 1385 publicae
1462 1322 1706 1385 pertinent.
1779 1324 1952 1379 Quam-

343 1414 498 1460 quam,
527 1398 652 1459 quod
693 1413 898 1460 praesens
935 1403 1179 1459 tamquam
1213 1397 1258 1443 in
1293 1414 1484 1443 manum
1522 1398 1673 1452 datur,
1697 1398 1952 1461 jucundius

264 1478 318 1519 10
344 1481 445 1518 est:
496 1479 650 1517 tamen
686 1473 786 1517 haec
822 1472 868 1518 in
910 1478 1156 1535 posterum
1191 1472 1410 1535 gratiora.
1480 1472 1695 1527 Theatra,
1732 1473 1953 1536 porticus,

343 1563 464 1594 nova
500 1547 694 1610 templa,
723 1547 1033 1593 verecundius
1067 1547 1378 1609 reprehendo,
1415 1553 1610 1610 propter
1643 1548 1953 1611 Pompeium:

346 1623 429 1669 sed
466 1622 722 1668 doctissimi
758 1639 850 1668 non
886 1623 1103 1684 probant,
1129 1627 1182 1667 ut
1215 1628 1262 1668 et
1299 1622 1372 1667 hie
1406 1622 1504 1684 ipse
1530 1623 1783 1677 Panaetius,
1811 1640 1950 1685 quem

350 1698 551 1743 multum
594 1697 639 1743 in
681 1698 750 1742 his
793 1697 920 1743 libris
963 1704 1153 1743 secutus
1195 1713 1314 1750 sum,
1358 1713 1450 1742 non
1491 1697 1856 1759 interpretatus;
1909 1705 1955 1745 et

265 1778 314 1820 11
343 1773 599 1818 Phalereus
642 1772 923 1826 Demetrius,
958 1772 1037 1834 qui
1074 1772 1317 1826 Periclem,
1356 1772 1612 1834 principem
1654 1773 1865 1828 Graeciae‚
1891 1774 1955 1819 vi-

343 1853 547 1910 tuperat,
582 1847 710 1909 quod
747 1853 927 1893 tantam
966 1847 1213 1910 pecuniam
1256 1846 1301 1892 in
1338 1847 1564 1909 praeclara
1600 1847 1676 1893 illa
1712 1848 1956 1910 propylaea

344 1923 609 1985 conjecerit.
683 1922 779 1967 Sed
805 1922 864 1967 de
888 1923 978 1968 hoc
1013 1938 1186 1985 genere
1221 1927 1336 1976 toto,
1364 1921 1408 1967 in
1433 1922 1484 1967 iis
1508 1922 1650 1976 libris,
1678 1939 1797 1985 quos
1823 1923 1883 1969 de
1907 1939 1956 1969 re

266 2003 316 2043 12
346 1998 535 2060 publica
571 1997 749 2060 scripsi,
778 1997 1028 2060 diligenter
1054 2003 1126 2043 est
1150 1997 1460 2059 disputatum.
1532 1997 1649 2043 Tota
1675 1997 1816 2061 igitur
1839 1998 1956 2044 ratio

350 2073 511 2118 talium
535 2072 834 2135 largitionum
859 2088 1030 2135 genere
1046 2065 1213 2117 'vitiosa
1238 2076 1323 2126 est,
1345 2071 1638 2133 temporibus
1663 2073 1955 2128 necessaria3

346 2153 392 2193 et
417 2154 519 2193 tum
543 2147 697 2209 ipsum
718 2152 765 2192 et
786 2147 845 2192 ad
872 2147 1121 2192 facultates
1140 2146 1541 2192 accommodanda
1562 2152 1607 2192 et
1633 2148 1956 2194 mediocritate

347 2222 637 2268 moderanda
663 2228 747 2267 est.

411 2371 598 2417 XVIII.
638 2372 694 2416 In
718 2371 796 2417 illo
822 2377 981 2417 autem
1008 2371 1155 2416 altero
1181 2386 1352 2434 genere
1377 2370 1618 2433 largiendi,
1641 2372 1767 2433 quod
1793 2389 1820 2418 a
1845 2374 1955 2420 libe-

346 2447 530 2492 ralitate
579 2446 903 2509 proficiscitur,
949 2463 1041 2492 non
1088 2462 1181 2492 uno
1222 2445 1364 2491 modo
1410 2444 1456 2490 in
1498 2445 1763 2508 disparibus
1806 2449 1956 2495 causis

296 2528 321 2568 2
353 2521 509 2567 affecti
549 2537 651 2567 esse
687 2521 928 2567 debemus.
1003 2521 1112 2566 Alia
1147 2535 1289 2566 causa
1324 2524 1396 2565 est
1431 2519 1547 2581 ejuS‚
1576 2520 1654 2581 qui
1691 2520 1957 2570 calamitate

348 2596 588 2660 premitur,
616 2602 663 2642 et
698 2596 814 2659 ejus,
843 2596 921 2658 qui
956 2612 1030 2642 res
1067 2596 1280 2641 meliores
1316 2594 1496 2656 quaerie
1524 2595 1665 2641 nullis
1698 2596 1792 2642 suis
1816 2598 1956 2644 rebus

295 2677 321 2718 3
348 2671 568 2717 adversis.
638 2671 922 2733 Propensior
945 2670 1208 2734 benignitas
1235 2685 1335 2715 esse
1357 2668 1547 2715 debebit
1576 2669 1621 2714 in
1647 2671 1955 2727 calamitOSOS,

348 2745 434 2792 nisi
457 2746 579 2791 forte
603 2752 739 2791 erunt
763 2745 890 2809 digni
916 2746 1193 2792 calamitate.
1266 2744 1322 2790 In
1356 2743 1409 2788 iis
1445 2749 1617 2798 tamen,
1645 2746 1724 2807 qui
1749 2763 1798 2792 se
1823 2747 1879 2792 ad
1883 2747 1955 2809 ju-

348 2820 445 2866 vari
463 2820 632 2873 volent,
655 2836 746 2865 non
766 2836 823 2866 ne
849 2820 1128 2883 affligantur,
1150 2819 1233 2865 sed
1262 2824 1312 2864 ut
1337 2817 1548 2864 altiorem
1573 2820 1774 2882 gradum
1800 2837 1954 2868 ascen-

350 2895 480 2949 dant,
501 2895 701 2940 restricti
728 2895 913 2940 omnino
938 2911 1040 2940 esse
1064 2895 1193 2940 nullo
1218 2893 1360 2939 modo
1380 2892 1634 2939 debemus:
1672 2895 1754 2940 sed
1781 2895 1826 2941 in
1846 2895 1950 2942 deli-

350 2970 512 3033 gendis
538 2969 713 3015 idoneis
730 2970 961 3032 judicium
990 2976 1034 3015 et
1060 2969 1348 3032 diligentiam
1375 2967 1613 3014 adhibere.
1686 2969 1811 3016 Nam
1839 2986 1946 3025 prm

352 3044 472 3091 clare
499 3044 673 3089 Ennius
695 3058 705 3089 ε
