2054 3470
257 220 312 262 4ss

284 643 309 685 4

279 1175 304 1214 5

279 1248 305 1289 6

281 1547 305 1593 7

280 1854 306 1895 8

277 2079 303 2120 9

252 2229 304 2269 10

252 2380 300 2420 11

251 2456 303 2496 12

250 2606 300 2646 13

251 2755 301 2796 14

945 235 1004 263 DE
1033 235 1247 264 OFFICIIS
1275 278 1281 279 ⁷

337 339 476 385 detur
500 340 719 387 habuisse
744 341 970 386 rationem
991 357 999 386 :
1038 357 1145 403 quae
1170 342 1368 387 formam
1390 347 1596 387 nostram
1623 341 1935 405 reliquamque

336 414 553 477 figuram,
574 415 619 460 in
638 432 731 477 qua
756 421 880 461 esset
904 416 1084 479 species
1108 417 1320 471 honesta,
1342 432 1444 462 eam
1465 416 1620 478 posuit
1638 416 1684 461 in
1703 423 1937 479 promptu,

335 506 442 552 quae
484 497 643 553 partes
685 497 844 536 autem
886 491 1093 553 corporis
1130 492 1190 536 ad
1229 498 1410 538 naturae
1456 491 1783 537 necessitatem
1818 492 1939 537 data»

335 572 581 627 aspectum
606 572 763 611 essent
789 565 1049 612 deformem
1076 567 1308 613 habiturae
1333 572 1476 628 atque
1503 572 1705 629 turpem,
1733 581 1810 612 eas
1836 583 1940 612 con-

334 640 450 686 texit
474 646 616 703 atque
642 641 836 687 abdidit.
909 641 1044 687 Hanc
1073 649 1255 687 natura-3
1288 647 1386 687 tam
1411 642 1682 705 diligentem
1716 641 1938 687 fabricam

333 715 515 761 imitata
547 722 619 762 est
650 716 895 762 hominum
929 717 1302 763 verecundia.
1376 717 1494 772 Quae
1518 716 1640 762 enim
1671 723 1840 762 natura
1867 733 1939 762 oc-

336 791 545 846 cultavit,
572 791 737 838 eadem
774 807 948 845 omnes,
975 791 1056 853 qui
1093 808 1206 837 sana
1247 797 1403 837 mente
1443 797 1565 846 sunt,
1600 798 1844 838 removent
1881 793 1941 837 ab

333 866 478 914 oculis
499 882 510 913 ε
546 866 729 929 ipsique
752 867 1017 913 necessitati
1043 867 1158 913 dant
1182 883 1375 930 operam
1398 872 1451 912 ut
1471 882 1613 929 quam
1631 867 1940 914 occultissime

333 948 555 1004 pareant:
593 957 890 1004 quarumque
916 942 1121 1004 partium
1155 942 1362 1004 corporis
1393 957 1506 987 usus
1536 946 1645 987 sunt
1678 943 1938 996 necessarii,

333 1032 411 1062 eas
448 1031 600 1078 neque
638 1021 798 1078 partes
833 1032 986 1079 neque
1023 1032 1185 1062 earum
1220 1033 1334 1062 usus
1367 1017 1460 1062 suis
1492 1017 1756 1063 nominibus
1780 1019 1939 1080 appel-

332 1092 456 1138 lant:
495 1090 717 1153 quodque
742 1091 901 1137 facere
924 1097 1064 1154 turpe
1089 1108 1182 1138 non
1208 1098 1293 1147 est,
1321 1092 1465 1138 modo
1490 1092 1687 1147 occulte,
1713 1091 1762 1139 id
1787 1092 1940 1139 dicere

333 1167 608 1214 obscoenum
635 1172 718 1212 est.
779 1166 950 1229 Itaque
975 1183 1060 1213 nec
1085 1173 1249 1230 aperta
1273 1167 1395 1213 actio
1419 1183 1576 1213 rerum
1601 1167 1786 1213 illarum
1805 1174 1938 1229 petu-

333 1242 478 1289 lantia
512 1247 664 1297 vacat,
701 1258 787 1288 nec
827 1243 1046 1288 orationis
1084 1243 1383 1289 obscoenitas.
1453 1243 1556 1289 Nec
1580 1258 1691 1289 vero
1723 1243 1938 1289 audiendi

332 1325 442 1365 sunt
480 1319 659 1382 Cynici,
687 1325 769 1366 aut
808 1319 844 1365 si
877 1319 958 1382 qui
994 1320 1184 1366 fuerunt
1220 1319 1364 1366 Stoici
1399 1334 1533 1382 paene
1561 1319 1740 1382 Cynici,
1767 1319 1846 1381 qui
1870 1335 1939 1365 re-

333 1395 631 1459 prehendunt
674 1401 720 1441 et
761 1394 967 1449 irrident,
1006 1395 1133 1457 quod
1169 1411 1237 1449 ea,
1276 1410 1383 1456 quae
1422 1410 1472 1440 re
1509 1394 1667 1456 turpia
1700 1410 1793 1440 non
1834 1395 1938 1448 sint,

332 1470 594 1517 nominibus
613 1486 667 1516 ac
683 1470 836 1516 verbis
862 1469 1094 1533 flagitiosa
1119 1469 1347 1516 ducamus
1369 1485 1378 1515 :
1414 1469 1492 1515 illa
1516 1475 1689 1524 autem,
1711 1485 1819 1532 quae
1843 1475 1938 1516 tnr-

334 1546 411 1609 pia
435 1546 539 1601 sint,
567 1545 829 1592 nominibus
865 1545 1161 1607 appellemus
1197 1544 1306 1590 suis.
1377 1543 1679 1598 Latrocinari‚
1705 1544 1937 1599 fraudare,

332 1621 612 1675 adulterare,
650 1637 699 1667 re
737 1626 875 1682 turpe
919 1625 1004 1674 est,
1043 1620 1126 1666 sed
1163 1620 1333 1666 dicitur
1366 1635 1459 1665 non
1495 1620 1748 1666 obscoene:
1785 1620 1937 1666 liberis

332 1697 444 1743 dare
485 1712 693 1759 operam,
731 1712 781 1742 re
820 1696 1070 1741 honestum
1110 1700 1195 1750 est,
1230 1694 1413 1741 nomine
1438 1695 1744 1740 obscoenum:
1783 1695 1937 1758 plura-

332 1788 426 1835 que
450 1772 495 1818 in
521 1788 625 1818 eam
650 1771 929 1818 sententiam
955 1770 1014 1816 ab
1040 1770 1216 1816 eisdem
1243 1776 1405 1816 contra
1424 1769 1752 1816 verecundiam
1779 1770 1935 1833 dispu-

332 1854 506 1894 tantur.
578 1847 679 1893 Nos
717 1852 876 1892 autem
913 1850 1129 1891 naturam
1164 1861 1430 1908 sequamur,
1468 1850 1515 1890 et
1549 1845 1609 1891 ab
1646 1845 1784 1899 omni,
1812 1846 1936 1908 quod

331 1924 556 1969 abhorret
592 1922 651 1968 ab
693 1922 938 1968 oculorum
975 1921 1252 1983 auriumque
1292 1920 1644 1983 approbatione,
1687 1920 1935 1983 fugiamus.

332 1998 510 2053 StatuS,
554 1997 777 2051 incessus
821 1997 978 2053 sessio,
1022 1996 1270 2050 accubitio,
1315 1996 1489 2049 vultuS,
1533 1995 1669 2049 oculi,
1712 2012 1935 2042 manuum

331 2079 501 2127 motus,
528 2078 719 2119 teneant
742 2072 859 2118 illud
879 2073 1116 2119 decorum.
1179 2071 1362 2127 Quibus
1387 2071 1433 2117 in
1451 2071 1592 2117 rebus
1619 2070 1714 2116 duo
1738 2070 1936 2117 maxime

331 2154 441 2194 sunt
481 2148 720 2212 fugienda,
758 2163 817 2193 ne
855 2148 968 2210 quid
1005 2147 1325 2194 effeminatum
1363 2151 1444 2191 aut
1480 2146 1634 2200 molle,
1661 2151 1709 2191 et
1742 2161 1799 2191 ne
1824 2147 1934 2208 quid

334 2223 506 2269 durum
526 2228 607 2268 aut
630 2222 860 2268 rusticum
886 2223 957 2269 sit.
1007 2222 1108 2268 Nec
1128 2237 1238 2267 vero
1257 2221 1557 2266 histrionibus
1582 2220 1935 2283 oratoribusque

331 2297 686 2344 concedendum
732 2303 817 2352 est,
861 2303 915 2343 ut
962 2298 1014 2343 iis
1061 2297 1163 2342 haec
1212 2301 1326 2358 apta
1367 2295 1472 2349 sint,
1512 2295 1646 2341 nobis
1693 2295 1932 2342 dissoluta.

332 2373 633 2420 Scenicorum
652 2372 842 2434 quidem
868 2389 968 2418 mos
994 2377 1174 2417 tantam
1198 2371 1344 2417 habet
1362 2376 1520 2416 vetere
1540 2369 1782 2432 disciplina
1807 2387 1934 2417 vere—

331 2449 562 2502 cundiam,
588 2453 642 2493 ut
665 2447 711 2493 in
737 2463 924 2494 scenam
950 2447 1047 2493 sine
1072 2445 1366 2509 subligaculo
1392 2444 1592 2507 prodeat
1616 2460 1768 2492 nemo.
1840 2446 1933 2491 Ve-

328 2530 490 2570 rentur
529 2523 666 2577 enim,
703 2538 776 2577 ne,
819 2522 856 2568 si
894 2538 987 2585 quo
1030 2538 1144 2568 casu
1184 2520 1402 2574 evenerit,
1439 2525 1493 2565 ut
1528 2520 1735 2582 corporis
1777 2527 1934 2582 partes

328 2598 546 2661 quaedam
572 2598 853 2661 aperiantur,
881 2597 1166 2660 aspiciantur
1188 2612 1281 2641 non
1300 2595 1483 2642 decore.
1542 2594 1718 2641 Nostro
1745 2595 1931 2657 quidem

329 2690 459 2720 more
495 2690 604 2719 cum
643 2673 917 2735 parentibus
953 2673 1154 2735 puberes
1189 2670 1282 2725 filii,
1311 2686 1419 2716 cum
1454 2669 1623 2716 soceris
1659 2669 1819 2733 generi
1845 2686 1933 2715 non

327 2749 559 2795 lavantur,
631 2747 895 2794 Retinenda
932 2747 1075 2811 igitur
1115 2751 1188 2792 est
1226 2745 1370 2808 hujus
1412 2745 1596 2808 generis
1637 2744 1928 2798 verecundia,

328 2823 588 2887 praesertim
611 2829 779 2868 natura
803 2822 906 2885 ipsa
930 2821 1157 2885 magistra
1182 2826 1230 2867 et
1254 2821 1373 2866 duce

393 2971 618 3019 XXXVI.
659 2972 780 3017 Cum
805 2977 964 3017 autem
998 2969 1466 3034 pulchritudinis
1493 2969 1589 3014 duo
1626 2984 1800 3031 genera
1826 2975 1928 3022 snit,

328 3064 524 3110 quorum
550 3047 590 3092 in
621 3047 765 3093 altero
783 3053 1002 3092 venustas
1028 3046 1099 3099 sit,
1122 3044 1165 3090 in
1191 3045 1338 3091 altero
1364 3044 1568 3107 dignitas
1590 3059 1599 3097 ;
1637 3049 1927 3089 venustatem
