2054 3470
648 284 790 314 LIBER
825 283 876 314 11.
948 282 1056 313 CAP.
1095 283 1198 313 vm.
1699 270 1756 313 65

71 394 295 458 quamdiu
332 393 576 456 imperium
611 390 774 455 populi
809 389 1008 436 Romani
1040 389 1271 436 beneficiis
1295 389 1558 443 tenebatur,
1585 404 1675 434 non

70 469 270 534 injuriis:
298 469 421 515 bella
445 473 527 513 aut
552 483 639 529 pro
663 466 810 520 sociis,
832 471 914 511 aut
939 465 998 511 de
1022 464 1217 527 imperio
1241 465 1554 527 gerebantur;
1580 463 1673 509 exi-

69 550 146 590 tus
170 549 301 590 erant
325 543 554 589 bellorum
578 548 661 587 aut
685 541 820 587 mites
845 546 928 585 aut
961 539 1235 593 necessarii;
1271 554 1451 602 regum,
1478 538 1675 601 populo-

69 636 189 673 rum,
204 618 445 664 nationum
469 623 634 679 portus
659 621 759 662 erat
778 621 824 662 et
847 615 1081 678 refugium
1104 620 1322 667 senatus;
1347 613 1493 659 nostri
1517 619 1675 659 autem
1703 619 1728 658 3

69 694 368 758 magistratus
400 693 799 754 imperatoresque
824 706 881 736 ex
905 690 993 736 hac
1018 706 1110 735 una
1134 705 1184 735 re
1208 689 1463 734 maximam
1486 688 1677 734 laudem

69 784 237 831 capere
262 768 529 821 studebant,
557 767 594 812 si
618 765 889 829 provincias,
918 764 955 810 si
979 764 1127 810 socios
1164 764 1384 826 aequitate
1409 768 1456 810 et
1479 763 1571 809 fide
1596 762 1675 809 de·

70 843 337 890 scndissent.
387 843 556 904 Itaque
580 841 695 888 illud
715 840 1025 903 patrocinium
1049 839 1172 886 orbis
1191 845 1330 886 terrae
1348 839 1515 892 verius,
1537 854 1678 900 quam
1703 842 1730 883 4

69 918 313 981 imperium
339 923 525 981 pote-rat
549 916 787 963 nominari.
860 915 1042 961 Sensim
1071 914 1192 960 hanc
1219 913 1604 960 consuetudinem
1630 920 1677 959 et
1704 921 1731 961 5

70 993 358 1056 disciplinam
379 993 478 1055 jam
501 992 826 1038 minuebamus
846 1005 856 1036 :
891 996 1001 1053 post
1024 1005 1135 1036 vero
1160 990 1306 1035 Sullae
1330 989 1572 1036 victoriam
1597 1004 1676 1051 pe-

69 1068 191 1114 nitus
230 1067 481 1114 amisimus.
550 1066 767 1113 Desitum
805 1071 876 1111 est
911 1065 1033 1111 enim
1056 1064 1203 1111 videri
1238 1064 1489 1127 quicquam
1524 1064 1571 1110 in
1605 1079 1677 1109 so·
1705 1068 1732 1109 6

70 1143 164 1189 cios
188 1143 410 1205 iniquum,
439 1158 547 1188 cum
572 1141 802 1188 extitisset
826 1141 872 1187 in
897 1141 1020 1187 cives
1045 1146 1178 1187 tanta
1216 1139 1480 1186 crudelitas.
1550 1139 1678 1202 Ergo
1706 1139 1730 1184 7

70 1218 114 1265 in
138 1219 215 1265 illo
234 1224 396 1265 secuta
420 1223 492 1264 est
514 1218 762 1263 honestam
788 1232 977 1262 causam
1000 1231 1093 1261 non
1117 1216 1317 1261 honesta
1336 1214 1539 1260 victoria.
1592 1214 1679 1259 Est

70 1294 191 1340 enim
230 1309 372 1340 ausus
409 1293 578 1347 dicere,
604 1292 741 1337 hasta
777 1291 944 1354 posita,
973 1307 1080 1337 cum
1111 1290 1236 1336 bona
1259 1289 1306 1335 in
1329 1290 1430 1335 foro
1454 1288 1680 1335 venderet

70 1376 118 1416 et
141 1371 369 1417 bonorum
392 1368 609 1421 virorum,
632 1373 678 1413 et
702 1366 1008 1428 locupletum,
1035 1371 1083 1412 et
1108 1372 1232 1412 certe
1258 1364 1441 1419 civium,
1468 1363 1679 1427 praedam

70 1460 119 1490 se
144 1460 278 1490 suam
301 1443 518 1490 vendere.
590 1442 791 1488 Secutus
817 1448 900 1495 est,
929 1442 1008 1503 qui
1044 1441 1089 1487 in
1129 1456 1271 1487 causa
1306 1439 1461 1503 impia,
1487 1438 1680 1485 victoria
1707 1444 1733 1484 S

71 1520 210 1566 etiam
235 1519 445 1573 foediore,
471 1535 563 1564 non
596 1517 886 1581 singulorum
924 1517 1093 1563 civium
1133 1516 1257 1563 bona
1292 1515 1567 1578 publicaret,
1596 1514 1680 1561 sed

71 1595 309 1640 universas
348 1593 607 1656 provincias
645 1592 953 1656 regionesque
990 1608 1082 1638 uno
1108 1590 1385 1638 calamitatis
1423 1590 1529 1654 jure
1554 1607 1679 1636 com-

73 1669 395 1733 prehenderet.
467 1669 648 1730 Itaque,
675 1667 853 1713 vexatis
879 1684 932 1713 ac
958 1667 1150 1730 perditis
1190 1666 1360 1713 exteris
1397 1665 1678 1720 nationibuS,
1708 1671 1734 1711 9

72 1745 132 1791 ad
170 1744 439 1808 exemplum
475 1743 631 1789 amissi
668 1743 848 1805 imperii
884 1743 1061 1805 portari
1083 1742 1129 1788 in
1152 1742 1392 1805 triumpho
1427 1740 1682 1787 Massiliam

76 1821 286 1874 vidimus
314 1825 361 1866 et
386 1835 443 1865 ex
467 1835 522 1865 ea
557 1819 674 1865 urbe
712 1818 1008 1881 triumphari,
1037 1818 1133 1864 sine
1158 1833 1252 1880 qua,
1274 1833 1514 1880 nunquam
1537 1816 1683 1863 nostri

74 1897 376 1959 imperatores
401 1911 458 1941 ex
482 1893 795 1957 Transalpinis
820 1893 952 1939 bellis
973 1893 1336 1956 triumpharunt.
1386 1892 1540 1938 Multa
1564 1907 1681 1955 prae—
1711 1896 1766 1937 10

75 1978 202 2017 terea
227 1985 642 2016 commemorarem
677 1968 853 2014 nefaria
877 1968 922 2013 in
947 1968 1110 2022 socios,
1138 1968 1176 2014 si
1199 1969 1288 2014 hoc
1313 1983 1408 2013 uno
1432 1963 1683 2030 quicquam

76 2046 144 2092 sol
163 2045 352 2092 vidisset
369 2044 617 2108 indignius.
676 2044 706 2090 J
712 2059 793 2089 ure
812 2043 955 2106 igitur
974 2043 1237 2106 plectimur.
1290 2042 1394 2089 Nisi
1418 2042 1540 2089 enim
1564 2042 1682 2087 mul·
1713 2046 1761 2087 1]

77 2127 231 2168 torum
255 2119 484 2182 impunita
516 2119 692 2164 scelera
726 2118 1008 2173 tulissemus,
1035 2133 1275 2180 nunquam
1300 2118 1360 2164 ad
1384 2134 1530 2164 unum
1557 2123 1686 2163 tanta

78 2195 364 2259 pervenisset
401 2194 611 2241 licentia:
650 2209 677 2239 a
713 2210 805 2256 quo
840 2193 1030 2256 quidem
1056 2193 1121 2239 rei
1145 2193 1381 2239 familiaris
1405 2192 1466 2238 ad
1493 2207 1683 2255 paucos,

79 2270 391 2334 cupiditatum
414 2269 475 2315 ad
500 2269 673 2315 multos
697 2268 936 2332 improbos
960 2268 1087 2314 venit
1125 2267 1377 2314 hereditas.
1448 2267 1549 2313 Nec
1575 2283 1686 2313 vero
1715 2271 1770 2312 12

79 2361 285 2409 unquam
308 2345 539 2391 bellorum
565 2344 766 2391 civilium
790 2360 949 2391 semen
975 2350 1021 2390 et
1046 2359 1187 2390 causa
1212 2343 1374 2397 deerit,
1397 2342 1512 2388 dum
1536 2342 1684 2388 homi-

80 2438 160 2468 nes
198 2420 369 2484 perditi
404 2420 591 2466 hastam
624 2419 751 2466 illam
786 2425 1029 2466 cruentam
1054 2424 1101 2465 et
1136 2418 1430 2465 meminerint
1456 2423 1503 2463 et
1528 2433 1684 2480 spera-

80 2497 210 2544 bunt.
261 2496 415 2551 Quam
437 2495 493 2542 P.
514 2494 646 2541 Sulla
665 2511 771 2540 cum
788 2495 1031 2549 vibrasset,
1051 2494 1282 2540 dictatore
1301 2493 1565 2556 propinquo
1585 2507 1685 2546 suo,

79 2572 203 2619 idem
242 2577 375 2617 sexto
411 2570 645 2617 tricesimo
683 2586 805 2616 anno
840 2576 949 2632 post
973 2586 1000 2615 a
1024 2569 1317 2616 sceleratiore
1341 2569 1477 2614 hasta
1501 2584 1592 2612 non
1616 2582 1686 2612 re-

81 2646 232 2693 cessit.
286 2646 425 2692 Alter
448 2652 621 2700 autem,
642 2645 721 2708 qui
744 2645 790 2691 in
814 2645 891 2691 illa
916 2645 1149 2691 dictatura
1173 2633 1324 2690 scriba
1347 2644 1516 2697 fuerat,
1536 2642 1582 2688 in
1600 2642 1688 2689 hac

81 2721 170 2767 fuit
193 2726 414 2783 quaestor
435 2721 657 2767 urbanus.
727 2721 799 2766 Ex
830 2736 924 2783 quo
960 2720 1103 2766 debet
1136 2718 1345 2782 intelligi,
1373 2718 1544 2764 talibus
1570 2732 1686 2780 prae·
1717 2721 1773 2761 13

83 2795 184 2843 miis
210 2794 474 2859 propositiS‚
499 2811 739 2857 nunquam
775 2795 996 2842 defutura
1030 2795 1155 2841 bella
1180 2794 1343 2840 civilia.
1414 2794 1582 2854 Itaque
1608 2807 1688 2854 pa·
1718 2796 1773 2836 14

84 2871 220 2918 rietes
256 2869 397 2916 modo
434 2869 560 2915 urbis
599 2876 725 2916 stant
759 2876 807 2916 et
841 2875 1044 2924 manent,
1070 2869 1192 2931 iique
1227 2868 1315 2931 ipsi
1345 2868 1446 2931 jam
1482 2873 1690 2913 extrema

87 2945 260 2992 scelera
299 2950 593 2991 metuentes:
641 2960 738 2990 rem
779 2961 889 2991 vero
932 2945 1168 3007 publicam
1211 2943 1396 3006 penitus
1438 2941 1691 2987 amisimus.

90 3020 247 3082 Atque
271 3019 317 3066 in
341 3020 427 3066 has
453 3019 609 3065 clades
644 3019 889 3065 incidimus
916 3019 1230 3083 (redeundum
1257 3024 1327 3064 est
1352 3017 1472 3062 enim
1497 3016 1558 3061 ad
1584 3031 1690 3078 pro·
1719 3020 1773 3062 15

89 3093 327 3159 positum),
370 3094 482 3140 dum
523 3094 683 3148 metui,
721 3110 861 3156 quam
904 3094 995 3140 cari
1037 3109 1138 3139 esse
1181 3099 1228 3138 et
1264 3091 1393 3154 diligi
1428 3091 1690 3138 maluimus·
