2054 3470
263 237 309 276 10
892 275 895 277 ¹
940 237 1001 266 DE
1040 235 1247 267 ormena

342 345 584 409 quoddam
610 345 811 408 officium
837 344 1020 409 dicitur,
1042 349 1089 390 et
1113 343 1391 394 perfectum.
1449 342 1722 388 Perfectum
1745 339 1943 394 officiun·

337 425 614 476 rectum,
665 421 842 483 opinor,
879 435 1114 474 vocemus,
1151 417 1280 481 quod
1324 417 1480 464 Graeci
1519 416 1804 480 κατόρθωμα,
1853 417 1942 463 hoc

287 503 310 544 5
338 504 498 542 autem
541 511 788 541 commune
830 494 1129 541 officium
1169 498 1356 540 vocant.
1425 492 1589 555 Atque
1624 507 1681 539 ea
1721 491 1787 538 sic
1829 491 1943 537 defi-

336 570 481 625 niunt,
508 576 563 616 ut
586 575 768 616 rectum
794 569 921 631 quod
957 568 1029 624 sit,
1057 568 1105 614 id
1141 567 1344 614 officium
1369 567 1633 630 perfectum
1658 582 1760 613 esse
1785 565 1945 613 defini-

336 652 444 700 ant;
480 645 688 692 medium
712 649 869 691 autem
890 644 1089 690 officium
1112 643 1160 689 id
1186 658 1286 689 esse
1312 641 1487 696 dicunt,
1508 641 1636 705 quod
1661 658 1744 689 cur
1766 643 1944 689 iactum

337 720 411 775 sit,
436 720 559 766 ratio
584 719 839 783 probabilis
863 719 998 765 reddi
1023 718 1184 781 possit.

282 801 308 841 6
401 794 591 858 Triplex
630 794 772 858 igitur
811 799 895 848 est,
933 799 987 839 ut
1023 793 1234 839 Panaetio
1286 792 1483 847 videtur,
1519 791 1694 838 consilii
1732 791 1944 855 capiendi

338 869 624 917 deliberatio.
695 869 822 915 Nam
857 874 941 914 aut
976 868 1285 914 honestumne
1321 867 1452 913 factu
1486 867 1558 921 sit,
1587 883 1645 913 an
1679 873 1832 930 turpe,
1859 867 1944 914 du-

337 945 499 999 bitant,
519 944 582 998 id,
603 943 730 1006 quod
755 943 801 989 in
827 942 1206 989 deliberationem
1231 942 1384 996 cadit;
1419 942 1465 988 in
1490 958 1583 1004 quo
1608 942 1946 989 considerando

285 1019 308 1065 7
337 1035 465 1082 saepe
490 1018 630 1064 animi
653 1018 700 1063 in
735 1017 991 1064 contrarias
1025 1017 1278 1063 sententias
1314 1016 1650 1064 distrahuntur.
1721 1018 1841 1064 Tum
1866 1034 1946 1064 au-

336 1100 433 1140 tem
466 1098 550 1139 aut
583 1092 849 1155 anquirunt,
884 1097 967 1138 aut
1003 1092 1282 1147 consultant,
1320 1091 1383 1138 ad
1418 1091 1527 1138 vitae
1566 1092 1947 1139 commoditatem

333 1168 787 1232 jucunditatemque,
814 1167 877 1213 ad
913 1167 1164 1214 facultates
1188 1183 1344 1213 rerum
1368 1171 1508 1229 atque
1534 1166 1705 1229 copias,
1731 1167 1793 1213 ad
1817 1184 1946 1230 opeS,

336 1243 398 1290 ad
423 1242 699 1306 potentiam,
724 1243 896 1305 quibus
931 1248 978 1289 et
1003 1258 1052 1288 se
1078 1242 1261 1305 possint
1291 1242 1457 1305 juvare
1493 1247 1540 1288 et
1565 1258 1688 1297 suos,
1716 1242 1948 1289 conducat

338 1318 386 1364 id
423 1333 586 1372 necne,
613 1317 673 1364 de
709 1333 802 1380 (1110
838 1317 1124 1364 deliberant:
1163 1333 1269 1380 quae
1308 1317 1580 1364 deliberatio
1615 1317 1761 1364 omnis
1795 1317 1842 1364 in
1876 1334 1946 1364 ra-

286 1400 312 1441 8
340 1394 516 1440 tionem
549 1392 764 1438 utilitatis
801 1393 938 1439 cadit.
1010 1392 1219 1439 Tertium
1254 1392 1500 1438 dubitandi
1535 1408 1685 1456 genus
1721 1398 1806 1448 est,
1841 1409 1948 1440 cum

339 1483 554 1532 pugnare
588 1467 774 1513 videtur
809 1484 917 1514 cum
958 1467 1157 1514 honesto
1199 1466 1261 1522 id,
1299 1467 1428 1529 quod
1462 1466 1649 1513 videtur
1683 1483 1784 1514 esse
1819 1469 1946 1516 utile.

341 1546 462 1592 Cum
488 1543 609 1590 enim
633 1544 808 1590 utilitas
834 1544 895 1590 ad
921 1560 969 1591 se
995 1560 1175 1607 rapere,
1200 1544 1422 1590 honestas
1447 1549 1609 1590 contra
1633 1559 1852 1591 revocare
1888 1545 1948 1591 ad

338 1636 388 1667 se
415 1619 615 1673 videtur,
642 1620 708 1674 fit,
735 1625 787 1665 ut
813 1619 1102 1666 distrahatur
1133 1619 1179 1665 in
1205 1618 1508 1665 deliberando
1543 1619 1739 1674 animus,
1765 1620 1947 1667 afferat-

286 1702 312 1743 9
339 1711 429 1758 que
465 1694 716 1757 ancipitem
753 1710 914 1741 curam
951 1694 1201 1758 cogitandi.
1272 1694 1376 1740 Hac
1413 1693 1647 1748 divisione,
1687 1711 1795 1741 cum
1830 1711 1948 1758 prae-

339 1770 478 1816 terire
515 1771 690 1834 aliquid
726 1769 984 1816 maximum
1019 1770 1183 1816 vitium
1217 1769 1263 1815 111
1299 1769 1551 1816 dividendo
1586 1769 1660 1825 sit,
1700 1769 1796 1816 duo
1830 1787 1947 1833 prae-

342 1845 553 1891 termissa
578 1851 700 1892 sunt.
772 1845 874 1891 Nec
901 1844 1022 1890 enim
1048 1845 1214 1899 solum,
1242 1850 1402 1890 utrum
1436 1844 1702 1901 honestum,
1728 1861 1788 1890 an
1811 1851 1948 1908 turpe

340 1920 413 1975 sit,
443 1920 691 1967 deliberari
725 1919 873 1974 solet;
911 1919 994 1965 sed
1031 1920 1189 1974 etiam,
1218 1919 1405 1965 duobus
1441 1919 1692 1982 propositis
1727 1920 1947 1975 honestiS,

339 2002 498 2041 utrum
523 1995 765 2042 honestius
784 2010 795 2049 3
831 1995 1052 2057 itemque,
1074 1994 1262 2041 duobus
1288 1993 1540 2057 propositis
1563 1994 1770 2049 utilibus,
1789 2001 1947 2041 utrum

201 2096 209 2101 -
262 2076 313 2117 io
339 2071 510 2118 utilius.
583 2072 672 2126 Ita,
711 2086 854 2133 quam
890 2070 966 2117 ille
1001 2070 1234 2133 triplicem
1269 2069 1454 2133 putavit
1490 2085 1592 2116 esse
1626 2070 1867 2125 rationem,
1904 2071 1948 2117 in

340 2146 542 2208 quinque
578 2151 737 2208 partes
773 2145 986 2192 distribui
1021 2145 1194 2192 debere
1230 2145 1475 2207 reperitur.
1545 2144 1760 2191 Primum
1804 2145 1948 2208 igitur

341 2227 412 2266 est
438 2221 496 2266 de
521 2221 735 2275 honesto,
764 2219 848 2265 sed
874 2219 1142 2281 dupliciter,
1161 2225 1264 2265 tum
1290 2220 1390 2281 pari
1414 2219 1591 2265 ratione
1619 2220 1676 2265 de
1702 2220 1814 2275 utili,
1842 2228 1948 2284 post

342 2297 401 2341 de
428 2295 775 2356 comparatione
801 2310 964 2340 eorum
991 2294 1329 2341 disserendum.

407 2444 495 2491 IV.
533 2444 770 2507 Principio
794 2443 954 2508 generi
987 2443 1292 2490 animantium
1318 2444 1441 2490 omni
1467 2450 1538 2490 est
1562 2460 1589 2489 a
1614 2451 1780 2490 natura
1806 2445 1949 2492 tribu-

344 2526 460 2573 tum,
486 2524 539 2565 ut
574 2534 638 2572 se,
675 2518 820 2565 vitam
856 2534 1122 2581 corpusque
1157 2524 1360 2574 tueatur,
1388 2518 1683 2582 declinetque
1727 2535 1796 2574 ea,
1839 2537 1946 2582 quae

340 2593 553 2640 nocitura
603 2593 866 2648 videantur,
905 2593 1178 2656 omniaque,
1203 2609 1310 2656 quae
1356 2593 1447 2639 sint
1491 2594 1552 2640 ad
1586 2594 1836 2640 vivendum
1870 2610 1948 2640 ne·

340 2667 556 2722 cessaria,
594 2668 810 2730 anquirat
845 2674 892 2714 et
929 2674 1078 2731 paret,
1115 2673 1169 2714 ut
1203 2673 1410 2731 pastum,
1442 2673 1501 2721 ,ut
1534 2667 1746 2723 latibula,
1772 2674 1827 2714 ut
1861 2669 1950 2715 alia

287 2752 312 2788 ¹2
341 2742 525 2805 generis
550 2742 777 2805 ejusdem.
850 2743 1111 2789 Commune
1137 2749 1296 2788 autem
1319 2742 1622 2789 animantium
1648 2743 1855 2789 omnium
1877 2749 1949 2790 est

340 2816 678 2879 conjunctionis
713 2817 953 2879 appetitus
989 2816 1265 2880 procreandi
1300 2832 1454 2872 causa,
1494 2822 1542 2863 et
1580 2833 1692 2864 cura
1725 2817 1949 2880 quaedam

288 2897 314 2938 3
342 2906 517 2946 corum,
544 2906 651 2953 quae
690 2896 936 2954 procreata
961 2896 1085 2938 sunt.
1156 2890 1252 2937 Sed
1276 2891 1396 2937 inter
1419 2892 1656 2938 hominem
1680 2897 1727 2938 et
1761 2891 1949 2938 beluam

339 2966 430 3012 hoc
476 2966 678 3012 maxime
718 2966 924 3020 interest,
977 2965 1107 3028 quod
1153 2965 1260 3012 haec
1306 2971 1504 3021 tantum,
1541 2971 1769 3028 quantum
1810 2981 1949 3013 sensu

340 3046 570 3096 movetur,
608 3040 669 3086 ad
709 3040 757 3086 id
807 3040 972 3095 solum,
1011 3039 1137 3102 quod
1173 3040 1308 3086 adest
1343 3041 1564 3103 quodque
1600 3056 1811 3103 praesens
1860 3045 1947 3096 est,
