2054 3470
260 227 319 267 98
967 236 1022 264 nn
1051 235 1259 266 orificiis

344 345 580 407 opposuit,
627 344 830 406 speciem
874 343 1132 389 honestatis
1169 359 1322 405 neque
1366 343 1673 405 probabilem,
1715 360 1801 391 nec
1844 360 1955 391 sane

344 420 574 466 idoneam.
645 418 868 464 Peccavit
891 418 1047 482 igitur,
1073 434 1190 481 paee
1215 419 1289 466 vel
1316 418 1493 474 Quirini
1516 418 1591 465 vel
1615 419 1805 465 Romuli
1829 419 1951 466 dixe-

292 500 318 540 6
346 494 445 541 rim.
516 495 618 540 Nec
662 500 821 539 tamen
861 499 1036 539 nostrae
1076 494 1211 540 nobis
1252 494 1478 540 utilitates
1520 494 1795 540 omittendae
1831 501 1953 549 sunt,

345 569 537 631 aliisque
573 569 832 623 tradendae,
870 586 979 615 cum
1012 569 1085 614 his
1120 569 1208 632 ipsi
1243 584 1498 632 egeamus:
1536 570 1617 615 sed
1654 585 1753 615 suae
1789 570 1955 632 cuique

293 649 315 690 7
348 644 545 699 utilitati,
565 644 692 706 quod
717 644 814 689 sine
839 645 1029 690 alterius
1053 644 1221 707 injuria
1245 646 1339 699 fiat,
1359 645 1655 691 serviendum
1682 651 1766 691 est.
1829 645 1955 691 Scite

347 719 659 783 Chrysippus,
685 725 738 764 ut
778 719 955 765 multa:
995 720 1085 775 Qui
1124 720 1345 774 stadium,
1383 720 1545 782 inquit,
1576 720 1733 774 currit,
1762 720 1871 766 eniti
1908 726 1955 765 et

345 795 628 841 contendere
653 794 809 849 debet,
837 810 979 856 quam
1004 795 1203 840 maxime
1237 795 1397 857 possit,
1422 802 1477 841 ut
1511 795 1696 849 vineat;
1733 795 1954 857 supplan-

345 876 445 916 tare
485 885 607 924 eum,
635 870 824 932 quicum
861 875 1022 924 certet,
1062 876 1143 916 aut
1181 887 1326 915 manu
1363 870 1611 932 depellere,
1650 870 1778 915 nullo
1816 870 1954 915 nmdo

345 945 502 991 debet.
575 944 650 991 Sic
677 945 722 990 in
748 945 842 990 vita
867 944 954 990 sibi
990 961 1227 1006 quemque
1264 950 1440 1007 petere,
1466 945 1594 1007 quod
1632 945 1861 1007 pertineat
1897 944 1952 989 ad

346 1037 499 1074 usum,
525 1036 619 1065 non
643 1020 853 1081 iniquum
880 1025 981 1073 est;
1019 1019 1153 1065 alteri
1179 1019 1406 1081 deripere,
1430 1019 1508 1082 jus
1533 1035 1624 1065 non
1650 1026 1733 1065 est.

293 1101 318 1140 8
410 1095 616 1140 Maxime
657 1101 816 1140 autem
863 1095 1203 1156 perturbantur
1244 1095 1394 1140 officia
1429 1095 1474 1140 in
1509 1095 1720 1140 amicitiis
1742 1111 1751 1149 ;
1789 1095 1958 1157 quibus

346 1176 392 1216 et
417 1187 509 1216 non
533 1171 753 1224 tribuere,
781 1170 909 1232 quod
934 1175 1061 1216 recte
1098 1170 1262 1232 possis,
1277 1175 1338 1222 ,et
1373 1170 1592 1224 tribuere,
1620 1170 1747 1232 quod
1784 1187 1874 1216 non
1901 1170 1958 1216 sit

293 1252 318 1292 9
348 1262 551 1308 aequum,
579 1251 742 1291 eontra
767 1245 970 1291 officium
995 1250 1078 1291 est.
1151 1245 1247 1290 Sed
1273 1245 1415 1308 hujus
1440 1245 1622 1309 generis
1649 1245 1790 1291 totius
1817 1245 1956 1291 breve

345 1327 393 1367 et
427 1337 519 1367 non
558 1320 742 1367 difficile
781 1325 1076 1382 praeceptum
1115 1325 1200 1367 est.
1273 1321 1390 1375 Quae
1427 1321 1548 1366 enim
1576 1320 1790 1366 videntur
1812 1320 1954 1375 utilia,

345 1397 559 1450 honores,
601 1395 789 1450 divitiae,
828 1395 1116 1457 voluptates,
1162 1401 1318 1441 cetera
1359 1396 1544 1459 generis
1581 1395 1811 1458 ejusdem,
1855 1396 1956 1442 haec

267 1477 319 1518 10
346 1471 560 1518 amicitiae
584 1486 825 1533 nunquam
851 1470 1182 1533 anteponenda
1207 1476 1329 1517 sunt.
1401 1471 1472 1516 At
1496 1486 1649 1533 neque
1675 1477 1836 1517 eontra
1859 1487 1958 1517 rem

346 1547 600 1610 publicam,
626 1561 778 1608 neque
805 1551 967 1592 contra
987 1545 1066 1608 jus
1097 1545 1355 1608 jurandum
1381 1561 1434 1591 ac
1460 1545 1616 1600 fidem,
1643 1545 1777 1592 amici
1802 1562 1956 1600 causa,

344 1622 413 1668 vir
437 1623 587 1669 bonus
611 1621 752 1667 faciet
772 1637 782 1676 ;
819 1636 877 1666 ne
904 1621 940 1666 si
962 1620 1112 1683 judex
1131 1620 1320 1683 quidem
1339 1621 1426 1666 erit
1445 1620 1503 1666 de
1524 1621 1625 1683 ipso
1650 1621 1812 1667 amico.
1865 1621 1956 1667 Po-

267 1703 316 1744 ll
345 1697 413 1743 nit
437 1697 560 1743 enim
587 1712 836 1759 personam
862 1695 1012 1750 amici,
1039 1712 1147 1742 eum
1172 1695 1324 1741 induit
1344 1695 1532 1758 judicis.
1605 1697 1806 1742 Tantum
1827 1695 1959 1742 dabit

347 1772 576 1826 amicitiae,
603 1777 657 1817 ut
680 1787 839 1817 veram
864 1771 1000 1816 amici
1025 1786 1215 1816 causam
1250 1786 1352 1816 esse
1376 1771 1507 1816 malit
1529 1785 1538 1816 :
1576 1777 1629 1816 ut
1654 1771 1844 1817 orandae
1866 1771 1960 1817 litis

267 1853 318 1894 12
346 1853 549 1910 tempus,
578 1846 735 1909 quoad
761 1863 845 1908 per
863 1846 995 1908 leges
1019 1845 1170 1899 liceat,
1190 1845 1530 1892 accommodet.
1604 1846 1725 1891 Cum
1751 1862 1860 1892 vero
1881 1846 1956 1909 ju·

345 1929 448 1968 rato
473 1921 703 1968 sententia
727 1920 927 1967 dicenda
962 1920 1035 1975 sit,
1062 1921 1337 1975 meminerit,
1366 1921 1507 1967 deum
1545 1937 1594 1967 se
1630 1921 1852 1967 adhibere
1890 1927 1955 1965 te-

346 2003 481 2051 stem,
508 1996 555 2042 id
594 2002 680 2050 est,
718 2003 772 2042 ut
809 2012 899 2060 ego
937 1996 1151 2050 arbitror,
1179 2002 1388 2042 mentem
1424 2012 1572 2051 suam,
1601 2012 1692 2059 qua
1726 1994 1850 2042 nihil
1874 1995 1954 2041 ho—

269 2079 318 2120 13
347 2073 457 2119 mini
481 2072 612 2118 dedit
636 2071 753 2118 deus
790 2071 890 2134 ipse
916 2071 1128 2117 divinius
1201 2072 1370 2133 ltaque
1397 2072 1673 2134 praeclarum
1711 2087 1738 2116 a
1770 2072 1953 2135 majori-

346 2150 434 2196 bus
469 2147 737 2210 aecepimus
778 2162 957 2192 morem
995 2146 1196 2210 rogandi
1232 2146 1418 2209 judicis,
1456 2146 1495 2192 si
1535 2162 1642 2192 eum
1688 2151 1958 2195 teneremus

348 2240 451 2285 quoe
474 2225 603 2269 salva
631 2223 732 2284 fide
755 2224 913 2283 facere
939 2223 1102 2282 possit.
1174 2222 1292 2268 Haee
1328 2221 1512 2285 rogatio
1548 2221 1608 2267 ad
1646 2237 1700 2267 ea
1736 2222 1956 2285 pertinet,

346 2315 454 2361 quae
478 2298 622 2361 paulo
646 2303 754 2343 ante
780 2297 875 2343 dixi
899 2297 1095 2343 honeste
1132 2296 1280 2342 amieo
1316 2312 1344 2341 a
1377 2296 1538 2359 judice
1577 2312 1715 2358 posse
1751 2295 1960 2343 concedi.

269 2379 320 2421 11
347 2375 471 2420 Nam
509 2373 546 2419 si
581 2373 735 2419 omnia
769 2371 984 2418 facienda
1019 2372 1125 2426 sint,
1163 2387 1270 2434 quae
1310 2371 1445 2417 amici
1471 2371 1642 2417 velint:
1679 2387 1772 2417 non
1798 2373 1958 2420 amici-

269 2457 320 2498 15
347 2449 425 2496 tiae
465 2449 595 2503 tales,
639 2447 724 2494 sed
759 2447 1103 2510 conjurationes
1139 2445 1365 2509 putandae
1399 2446 1503 2492 sint.
1575 2446 1765 2508 Loquor
1801 2453 1960 2493 autem

348 2525 407 2571 de
434 2523 758 2571 communibus
777 2522 1000 2569 amicitiis.
1061 2522 1186 2568 Nam
1210 2522 1256 2568 in
1280 2521 1568 2584 sapientibus
1587 2521 1694 2567 viris
1715 2521 1959 2583 perfectis·

270 2605 320 2646 16
348 2615 440 2662 que
463 2599 576 2645 nihil
602 2604 759 2661 potest
783 2614 884 2644 esse
908 2597 1016 2644 tale.
1089 2597 1350 2642 Damonem
1371 2603 1418 2642 et
1442 2597 1693 2651 Phintiam,
1714 2597 1958 2660 Pythago-

348 2690 465 2728 reos,
492 2674 649 2719 ferunt
671 2674 762 2719 hoe
788 2673 941 2719 animo
976 2672 1096 2718 inter
1120 2688 1169 2717 se
1205 2671 1362 2725 fuisse,
1388 2678 1455 2725 ut,
1495 2688 1601 2717 cum
1639 2688 1800 2717 eorum
1825 2671 1958 2717 alteri

351 2748 603 2811 Dionysius
627 2754 857 2810 tyrannus
884 2748 1004 2794 diem
1041 2747 1167 2792 necis
1193 2746 1531 2800 destinavisset,
1567 2753 1614 2792 et
1639 2746 1690 2800 is,
1719 2746 1797 2809 qui
1821 2745 1958 2792 morti

351 2823 568 2869 addictus
605 2829 743 2878 esset,
781 2839 958 2885 paucos
994 2822 1080 2868 sibi
1119 2821 1216 2867 dies
1254 2821 1732 2867 commendandorum
1768 2837 1957 2866 suorum

350 2914 491 2945 eausa
517 2898 850 2961 postulavisset
871 2912 880 2943 ε
917 2913 1000 2943 vas
1024 2896 1178 2942 factus
1204 2901 1275 2941 est
1299 2897 1418 2942 alter
1444 2896 1546 2959 ejus
1571 2896 1791 2949 sistendi;
1828 2901 1895 2949 ut,
1922 2895 1958 2941 si

273 2973 323 3020 l‘:
350 2973 426 3020 ille
451 2990 544 3020 non
567 2973 850 3027 revertisset,
871 2971 1164 3018 moriendum
1190 2977 1314 3016 esset
1338 2971 1438 3034 ipsi.
1501 2971 1591 3026 Qui
1616 2987 1722 3016 eum
1749 2970 1809 3016 ad
1830 2971 1956 3017 diem

352 3064 402 3093 se
425 3048 693 3110 recepisset,
720 3047 976 3092 admiratus
1001 3061 1163 3092 eorum
1189 3046 1330 3092 fidem
1355 3052 1597 3108 tyrannus,
1625 3044 1801 3107 petivit,
1830 3050 1884 3090 ut
1908 3059 1957 3090 se
