2054 3470
251 242 305 285 16
939 252 1000 281 DE
1038 251 1249 282 ormcus

330 361 491 424 pediti,
519 377 637 423 quos
672 359 792 406 tueri
829 359 1017 414 debent,
1045 359 1282 405 deserunt.
1354 359 1522 420 Itaque
1556 373 1635 404 eos
1676 373 1733 404 ne
1759 357 1819 403 ad
1846 373 1941 403 rem

332 436 570 499 publicam
613 451 886 482 accessuros
920 434 1112 497 quidem
1153 439 1304 497 putat,
1341 432 1428 479 nisi
1463 439 1667 479 coactos.
1737 432 1943 495 AEquius

329 517 488 558 autem
523 517 638 566 erat,
665 510 713 556 id
749 509 993 556 voluntate
1028 508 1139 557 fieri.
1211 508 1336 555 Nam
1360 509 1450 555 hoc
1485 508 1641 571 ipsum
1676 507 1742 553 ita
1761 507 1944 571 justum

280 593 301 634 5
331 592 415 641 est,
443 586 570 648 quod
606 592 734 632 recte
769 585 836 640 fit,
863 584 901 631 si
925 590 998 630 est
1021 583 1349 631 voluntarium.
1421 583 1545 630 Sunt
1580 582 1734 637 etiam,
1760 581 1840 644 qui
1863 588 1945 628 aut

329 661 486 707 studio
533 660 599 707 rei
639 659 879 706 familiaris
927 659 1138 714 tuendae,
1175 663 1259 704 aut
1296 658 1404 704 odio
1442 658 1648 721 quodam
1685 656 1944 711 hominum,

329 752 466 781 suum
492 752 542 782 se
565 734 809 799 negotium
833 750 973 798 agere
999 734 1173 788 dicant,
1193 749 1252 779 ne
1276 733 1431 780 facere
1457 733 1675 795 cuiquam
1699 732 1946 779 videantur

329 810 571 873 injuriam:
608 810 688 872 qui
712 810 861 856 altero
896 825 1068 873 genere
1093 808 1335 871 injustitiae
1363 814 1546 863 vacant,
1572 808 1618 854 in
1653 808 1853 854 alterum
1879 807 1944 853 iu-

330 891 537 932 currunt.
607 885 845 931 Deserunt
885 884 1007 930 enim
1048 884 1157 930 vitae
1201 883 1488 937 societatem,
1526 883 1635 945 quia
1674 882 1788 928 nihil
1837 899 1925 929 con

329 961 487 1007 ferunt
511 960 557 1006 in
581 976 685 1006 eam
709 959 864 1014 studii,
890 958 1003 1004 nihil
1027 974 1199 1021 operae,
1224 957 1337 1004 nihil
1361 957 1658 1004 facultatum.

275 1039 303 1077 ‹²-
398 1035 598 1091 Quando
622 1035 766 1097 igitur
790 1034 975 1080 duobus
1010 1033 1262 1097 generibus
1296 1031 1535 1095 injustitiae
1570 1032 1836 1095 propositis,
1863 1032 1937 1078 ad-

326 1109 566 1172 junximus
592 1125 757 1156 causas
781 1108 1026 1172 utriusque
1049 1107 1248 1171 generis,
1276 1123 1448 1170 easque
1473 1123 1545 1153 res
1570 1113 1678 1153 ante
1705 1107 1942 1159 constitui-

329 1202 449 1240 mus,
498 1184 669 1247 quibus
713 1184 898 1247 justitia
945 1183 1288 1230 contineretur:
1336 1183 1487 1238 facile,
1536 1182 1667 1245 quod
1715 1183 1945 1246 cujusque

333 1260 554 1324 temporis
580 1259 784 1306 officium
809 1259 882 1314 sit,
910 1257 1184 1322 poterimus,
1210 1257 1297 1304 nisi
1319 1257 1633 1320 nosmetipsos
1657 1258 1795 1305 valde
1819 1274 1945 1304 ama-

279 1335 302 1380 7
332 1335 499 1390 bimus,
521 1334 750 1398 judicare.
819 1334 908 1380 Est
943 1333 1068 1381 enim
1106 1333 1302 1380 difficilis
1338 1349 1451 1380 cura
1485 1349 1642 1379 rerum
1677 1333 1944 1380 alienarum.

336 1411 635 1473 Quamquam
661 1409 967 1455 Terentianus
992 1408 1068 1455 ille
1095 1408 1325 1455 Chremes
1349 1408 1542 1454 humani
1565 1408 1678 1454 nihil
1702 1424 1730 1453 a
1755 1423 1805 1454 se
1838 1408 1945 1455 alie-

331 1503 444 1533 num
465 1490 617 1549 putat.
688 1484 784 1530 Sed
811 1490 969 1530 tamen
989 1483 1097 1546 quia
1121 1483 1273 1547 magis
1293 1499 1349 1529 ea
1369 1482 1654 1546 percipimus
1678 1488 1820 1545 atque
1844 1499 1945 1529 sen-

332 1562 486 1615 timus,
525 1575 632 1622 quae
669 1559 804 1605 nobis
840 1559 952 1622 ipsis
989 1564 1071 1605 aut
1106 1574 1335 1622 prospera
1369 1564 1452 1604 aut
1475 1558 1673 1604 adversa
1713 1558 1946 1613 eveniunt,

330 1652 473 1700 quam
506 1635 598 1690 illa,
634 1650 741 1697 quae
780 1634 957 1689 ceteris,
995 1649 1103 1696 quae
1149 1633 1284 1696 quasi
1323 1634 1467 1696 longo
1512 1633 1757 1679 intervallo
1807 1633 1946 1679 inter-

279 1719 305 1760 8
328 1713 455 1776 jecto
482 1710 724 1757 videmus:
764 1710 899 1755 aliter
924 1709 983 1755 de
1008 1709 1111 1763 illis,
1134 1724 1187 1755 ac
1214 1709 1273 1754 de
1298 1709 1445 1763 nobis,
1469 1708 1750 1771 judicamus.
1821 1709 1947 1764 Quo-

332 1787 454 1834 circa
501 1787 620 1833 bene
664 1784 970 1847 praecipiunt,
1008 1784 1088 1845 qui
1129 1789 1290 1829 vetant
1331 1783 1581 1846 quicquam
1623 1799 1776 1847 agere,
1818 1784 1947 1846 quod

333 1862 519 1908 dubites
553 1876 741 1922 aequum
766 1859 839 1914 sit,
866 1875 925 1905 an
959 1859 1184 1921 iniquum.
1275 1858 1498 1920 AEquitas
1534 1858 1655 1905 enim
1686 1858 1811 1904 lucet
1846 1859 1948 1922 ipsa

334 1954 418 2001 per
443 1952 507 1991 se,
536 1935 768 1982 dubitatio
795 1934 1129 1998 cogitationem
1153 1934 1383 1997 significat
1408 1934 1605 1997 injuriae.

399 2089 457 2134 X.
495 2086 591 2133 Sed
638 2085 849 2133 incidunt
901 2099 1033 2148 saepe
1075 2090 1305 2148 tempora,
1344 2101 1451 2131 cum
1494 2101 1564 2140 ea,
1601 2101 1708 2148 quae
1748 2084 1947 2131 maxime

334 2163 551 2210 videntur
575 2161 720 2224 digna
745 2177 849 2206 esse
871 2160 1001 2223 justo
1025 2160 1226 2214 homine,
1248 2176 1410 2222 eoque,
1433 2176 1574 2222 quem
1599 2160 1748 2206 virum
1773 2161 1945 2207 bonum

336 2237 549 2291 dicimus,
576 2240 927 2282 commutantur
960 2235 1172 2296 fiuntque
1213 2234 1460 2289 contraria,
1485 2241 1541 2280 ut
1575 2234 1775 2281 reddere
1805 2235 1946 2298 depo-

336 2313 492 2366 situm,
517 2311 671 2357 facere
697 2309 1008 2372 promissum:
1046 2325 1250 2371 quaeque
1275 2309 1510 2372 pertinent
1535 2309 1596 2354 ad
1620 2309 1865 2356 veritatem
1903 2316 1951 2356 et

282 2393 308 2434 2
336 2387 396 2434 ad
415 2386 570 2440 fidem,
592 2401 647 2432 ea
664 2386 865 2448 migrare
885 2383 1123 2430 interdum
1147 2390 1196 2430 et
1219 2400 1311 2429 non
1336 2399 1522 2430 servare
1542 2384 1593 2429 fit
1612 2383 1809 2447 justum.
1857 2385 1950 2431 Re-

335 2461 445 2508 ferri
463 2461 584 2508 enim
604 2460 742 2506 decet
760 2458 821 2505 ad
846 2475 914 2514 ea,
933 2474 1041 2521 quae
1066 2458 1203 2521 posui
1231 2458 1471 2521 principio,
1491 2458 1799 2505 fundamenta
1814 2459 1950 2522 justi-

335 2537 455 2584 tiae:
494 2536 711 2599 primum,
731 2540 785 2580 ut
809 2550 866 2580 ne
892 2534 967 2580 cui
991 2539 1242 2588 noceatur;
1280 2533 1464 2588 deinde,
1489 2539 1544 2579 ut
1569 2535 1805 2580 communi
1830 2535 1951 2580 utili-

285 2619 310 2660 3
337 2612 424 2659 tati
454 2611 696 2658 serviatur.
767 2609 837 2655 Ea
862 2625 970 2655 cum
995 2613 1208 2671 tempore
1244 2613 1608 2663 commutantur,
1635 2615 1950 2654 commutatur

338 2687 558 2741 officium,
595 2691 643 2731 et
682 2700 776 2730 non
818 2699 1005 2746 semper
1045 2690 1118 2749 est
1158 2682 1300 2729 idem.
1368 2682 1535 2729 Potest
1577 2683 1701 2729 enim
1740 2683 1951 2730 accidere

339 2761 623 2825 promissum
643 2759 833 2822 aliquod
854 2765 902 2804 et
927 2764 1226 2814 conventum,
1243 2763 1296 2804 ut
1319 2757 1368 2804 id
1393 2758 1512 2804 effici
1536 2758 1595 2804 sit
1618 2757 1778 2804 inutile
1797 2759 1871 2804 vel
1896 2759 1949 2811 ei,

296 2837 414 2884 tcui
454 2835 737 2899 promissum
778 2833 851 2888 sit,
887 2833 962 2880 vel
1003 2833 1058 2887 ei,
1096 2833 1175 2895 qui
1217 2832 1496 2896 promiserit.
1567 2833 1694 2879 Nam
1732 2833 1784 2887 si,
1811 2839 1866 2878 ut
1909 2833 1951 2879 in

340 2912 510 2958 fabulis
535 2916 619 2964 est,
646 2910 916 2972 Neptunus,
943 2908 1071 2971 quod
1107 2908 1288 2955 Theseo
1317 2908 1608 2971 promiserat,
1634 2923 1727 2953 non
1752 2907 1951 2961 fecisset,

338 2986 549 3036 Theseus
575 2985 839 3048 Hippolyto
863 2983 956 3029 filio
991 2999 1084 3029 non
1119 2989 1244 3029 esset
1279 2984 1488 3030 orbatus.
1559 2983 1631 3028 Ex
1656 2981 1806 3028 tribus
1831 2981 1949 3028 enim

338 3063 529 3129 optatis,
568 3067 621 3106 ut
656 3059 887 3113 scribitur,
923 3059 1013 3105 hoc
1055 3065 1156 3104 erat
1194 3058 1399 3113 tertium,
1436 3057 1563 3121 quod
1605 3056 1665 3103 de
1702 3055 1949 3119 Hippolyti
