2054 3470
570 510 642 569 M.
679 508 907 570 TULLII
951 508 1297 569 CICERONIS

293 651 1588 808 DE'OFFICIIS

905 903 961 928 AD

545 1008 929 1061 MARCUM
984 1008 1330 1062 FILIUM.

771 1221 1099 1228 ———

710 1355 888 1397 LIBER
927 1356 1161 1397 PRIMUS.

149 1468 187 1517 1.
214 1469 500 1524 QUAMQUAM
534 1473 595 1521 te,
633 1467 847 1513 Marce
895 1466 919 1511 f
929 1465 1029 1521 ili,
1073 1482 1247 1512 annum
1283 1466 1382 1530 jam
1429 1467 1697 1527 audientem

88 1543 386 1606 Cratippum,
405 1543 545 1606 idque
574 1541 793 1596 Athenis,
815 1541 1056 1588 abundare
1082 1548 1270 1605 oportet
1293 1542 1547 1605 praeceptis
1570 1542 1696 1589 insti-

87 1618 292 1681 tutisque
314 1616 643 1682 philosophiae,
665 1622 860 1680 propter
884 1632 1117 1662 summam
1143 1622 1190 1663 et
1216 1616 1422 1663 doctoris
1447 1617 1696 1664 auctorita-

86 1700 182 1740 tem
206 1699 253 1740 et
283 1693 439 1748 urbis;
476 1708 677 1755 quorum
703 1692 822 1738 alter
845 1698 893 1738 te
918 1691 1110 1738 scientia
1144 1708 1320 1755 augere
1353 1698 1525 1755 potest,
1551 1692 1699 1738 altera

87 1768 333 1832 exemplis:
370 1773 545 1823 tamen,
578 1773 632 1813 ut
666 1766 766 1829 ipse
801 1766 863 1812 ad
898 1782 1053 1812 meam
1087 1767 1340 1813 utilitatem
1378 1783 1566 1830 semper
1591 1783 1698 1813 cum

89 1843 270 1890 Graecis
295 1843 462 1889 Latina
497 1841 730 1905 conjunxi,
756 1857 908 1904 neque
943 1841 991 1887 id
1026 1841 1073 1887 in
1099 1841 1395 1904 philosophia
1420 1842 1587 1896 solum,
1614 1842 1698 1887 sed

86 1918 228 1964 etiam
251 1918 297 1964 in
323 1916 508 1964 dicendi
540 1916 870 1963 exercitatione
904 1915 1021 1971 feci;
1057 1915 1183 1962 idem
1217 1917 1301 1963 tibi
1338 1932 1504 1967 censeo
1528 1916 1697 1962 facien-

87 1993 217 2047 dum,
243 1998 298 2039 ut
322 2008 408 2055 par
431 1991 493 2038 sis
517 1991 563 2038 in
586 1991 831 2053 utriusque
862 1990 1080 2036 orationis
1108 1991 1348 2037 facultate.
1420 1991 1574 2046 Quam
1599 1991 1697 2053 qui-
1725 1997 1750 2038 2

87 2068 194 2114 dem
221 2067 282 2113 ad
315 2083 415 2113 rem
448 2082 548 2121 nos,
573 2071 628 2112 ut
659 2065 887 2120 videmur,
912 2081 1138 2129 magnum
1174 2065 1417 2112 attulimus
1453 2065 1697 2128 adjumen-

85 2148 188 2189 tum
221 2142 488 2188 hominibus
524 2139 710 2195 nostris,
735 2144 790 2186 ut
823 2156 918 2186 non
951 2140 1094 2186 modo
1133 2140 1406 2186 Graecarum
1435 2140 1698 2187 litterarum

86 2217 228 2264 rudes
255 2216 339 2263 sed
375 2216 516 2263 etiam
543 2215 670 2262 docti
703 2214 996 2277 aliquantum
1034 2230 1084 2261 se
1120 2215 1405 2262 arbitrentur
1428 2215 1627 2278 adeptos
1651 2222 1700 2262 et

88 2291 149 2338 ad
174 2291 427 2338 dicendum
450 2296 499 2337 et
523 2290 585 2336 ad
606 2289 933 2354 judicandum.
971 2290 1125 2346 Quam
1146 2290 1206 2337 ob
1231 2306 1330 2336 rem
1350 2290 1501 2336 disces
1526 2296 1579 2336 tu
1598 2290 1695 2353 qui-
1724 2296 1750 2336 3

89 2367 198 2413 dem
224 2382 251 2412 a
276 2365 483 2430 principe
507 2366 652 2429 hujus
689 2365 839 2412 aetatis
864 2365 1269 2428 philosophorum,
1297 2371 1344 2412 et
1369 2366 1532 2420 disces„
1554 2382 1695 2429 quam

88 2442 168 2487 diu
191 2441 347 2489 voles:
385 2446 483 2487 tam
508 2440 590 2487 diu
624 2445 785 2486 autem
809 2440 929 2487 velle
955 2440 1164 2495 debebis,
1192 2440 1349 2503 quoad
1375 2446 1436 2496 te,
1464 2448 1694 2503 quantum

90 2516 318 2579 proficiaS‚
343 2532 436 2562 non
460 2515 737 2579 poenitebit:
774 2515 859 2561 sed
894 2520 1054 2561 tamen
1079 2521 1237 2561 nostra
1260 2515 1436 2579 legens,
1462 2532 1554 2561 non
1577 2516 1694 2562 mul-

89 2598 191 2636 tum
217 2606 244 2636 a
268 2589 595 2653 Peripateticis
620 2589 908 2644 dissidentia,
935 2589 1156 2652 quoniam
1182 2590 1373 2653 utrique
1398 2590 1626 2637 Socratici
1650 2596 1698 2636 et

90 2664 316 2711 Platonici
339 2664 556 2711 volumus
581 2679 698 2720 esse,
725 2664 784 2710 de
809 2665 950 2711 rebus
974 2664 1087 2727 ipsis
1112 2670 1247 2711 utere
1273 2670 1356 2712 tuo
1387 2665 1579 2728 judicio,
1608 2664 1694 2726 (ni-

91 2739 152 2785 hil
188 2739 310 2785 enim
349 2737 592 2803 impedio‚)
629 2738 888 2786 orationem
930 2745 1092 2786 autem
1131 2740 1348 2786 Latinam
1383 2739 1553 2787 efficies
1589 2756 1694 2802 pro-

90 2815 213 2860 fecto
236 2814 447 2877 legendis
471 2814 640 2860 nostris
675 2813 946 2876 pleniorem.
1016 2814 1119 2862 Nec
1153 2831 1265 2861 vero
1299 2815 1389 2862 hoc
1423 2820 1696 2878 arroganter
1719 2818 1744 2861 4

90 2888 268 2936 dictum
294 2887 546 2935 existimari
569 2888 722 2936 velim.
780 2888 907 2934 Nam
933 2888 1296 2952 philosophandi
1319 2889 1561 2936 scientiam
1586 2904 1693 2935 con-

91 2962 261 3009 cedens
294 2962 470 3018 multis,
496 2961 623 3025 quod
666 2968 738 3008 est
773 2963 969 3009 oratoris
1005 2962 1262 3026 proprium,
1298 2970 1425 3027 apte,
1463 2962 1693 3018 distincte,
1754 2984 1766 2990 ’-

92 3042 252 3083 ornate
287 3036 454 3092 dicere,
491 3035 710 3099 quoniam
744 3035 791 3082 in
827 3052 883 3083 eo
918 3037 1073 3082 studio
1109 3042 1302 3084 aetatem
1340 3036 1620 3100 consumpsi,
1658 3035 1697 3083 si
