2054 3470
631 240 771 270 unna
797 241 867 270 111.
939 240 1048 270 cAe.
1077 241 1202 269 xxix.
1673 225 1761 272 117

85 365 369 413 quamquam
404 348 464 395 ab
500 347 643 410 impio
679 363 790 411 rege
816 347 997 401 dieitur,
1024 347 1262 393 luculente
1301 353 1459 393 tamen
1493 346 1677 395 dieitur.

83 423 285 470 Addunt
325 423 478 477 etiam,
521 422 922 490 quemadmodum
967 438 1051 468 nos
1099 422 1324 476 dieamus,
1367 422 1515 468 videri
1549 438 1678 484 quae-
1707 427 1734 468 8

81 498 191 543 dam
215 498 358 552 utilia,
385 513 492 560 quae
527 513 620 543 non
654 496 770 543 sint:
808 497 872 543 sic
897 513 947 542 se
972 497 1140 550 dicere,
1167 497 1313 543 videri
1337 496 1560 559 quaedam
1596 497 1678 542 ho-

82 579 226 627 nesta,
252 589 358 634 quae
396 588 489 618 non
523 572 640 617 sint:
678 577 732 617 ut
754 572 845 617 hoe
880 571 1036 633 ipsum
1060 572 1247 617 videtur
1280 572 1544 625 honestum,
1573 587 1680 617 con-

81 647 295 693 servandi
327 646 444 709 juris
478 645 667 709 jurandi
691 662 832 692 causa
856 646 916 691 ad
942 646 1201 692 cruciatum
1236 645 1496 699 revertisse,
1523 646 1607 692 sed
1631 646 1683 692 fit
1732 694 1739 700 ,

82 738 171 767 non
212 722 491 775 honestum;
527 720 649 783 quia,
690 720 817 783 quod
854 737 939 783 per
972 721 1066 766 vim
1105 721 1311 767 hostium
1348 727 1473 766 esset
1507 727 1681 774 actum,

83 804 234 841 ratum
258 811 359 841 esse
384 811 477 841 non
501 795 679 842 debuit.
748 795 954 841 Addunt
979 796 1134 851 etiam,
1161 796 1381 858 quicquid
1408 795 1545 841 valde
1569 795 1683 841 utile
1711 800 1737 841 9

81 870 150 924 sit,
194 870 242 916 id
280 870 378 916 fieri
415 871 679 924 honestum,
725 870 906 916 etiamsi
941 877 1080 916 antea
1113 887 1207 916 non
1245 871 1497 920 videretur,
1566 872 1681 918 Haec
1714 877 1771 918 10

81 946 174 991 fere
201 951 360 991 contra
385 945 638 1008 Regulum.
710 945 804 991 Sed
832 945 981 1007 prima
1006 945 1260 993 videamus,

145 1077 321 1123 XXIX.
349 1077 457 1123 Non
474 1077 561 1122 fuit
577 1077 606 1124 J
610 1076 798 1139 uppiter
812 1077 1110 1131 metuendus,
1128 1093 1186 1123 ne
1205 1077 1350 1124 iratus
1367 1089 1582 1126 noceret:
1610 1078 1688 1142 qui

82 1167 229 1215 neque
254 1151 389 1198 irasci
407 1151 538 1206 solet,
557 1167 642 1197 nec
667 1167 845 1198 nocere.
918 1153 1040 1198 Haee
1060 1152 1249 1214 quidem
1274 1153 1391 1199 ratio
1417 1170 1509 1199 non
1533 1154 1686 1215 magis
1715 1160 1741 1199 2

82 1233 244 1273 contra
269 1226 454 1290 Reguli,
481 1242 623 1288 quam
650 1232 811 1273 eontra
835 1242 972 1272 omne
1003 1226 1081 1289 jus
1102 1227 1360 1289 jurandum
1384 1228 1523 1275 valet.
1593 1228 1689 1274 Sed
1716 1236 1742 1273 3

82 1302 127 1348 in
159 1302 265 1365 jure
298 1301 517 1365 jurando,
544 1317 638 1347 non
673 1301 752 1363 qui
792 1308 961 1355 metuS,
989 1301 1073 1347 sed
1109 1318 1215 1364 quae
1239 1302 1308 1348 vis
1345 1302 1418 1357 sit,
1446 1302 1590 1349 debet
1624 1303 1690 1349 in·

82 1376 242 1440 telligi.
312 1377 398 1422 Est
433 1376 554 1422 enim
585 1376 664 1438 jus
696 1376 954 1438 jurandum
981 1376 1227 1422 affirmatio
1251 1377 1477 1440 religiosa.
1551 1377 1690 1433 Quod
1718 1382 1745 1422 4

82 1462 242 1498 autent
282 1452 522 1504 affirmate,
560 1450 693 1513 quasi
727 1450 817 1496 deo
849 1457 983 1505 teste,
1034 1451 1313 1514 promiseris,
1349 1451 1398 1498 id
1438 1452 1694 1498 tenendum

83 1533 168 1574 est.
238 1527 268 1574 J
272 1543 348 1572 am
374 1526 494 1572 enim
518 1542 611 1571 non
645 1525 705 1571 ad
740 1525 856 1571 iram
882 1526 1091 1580 deorum,
1119 1543 1225 1589 quae
1252 1527 1379 1572 nulla
1404 1532 1490 1580 est,
1521 1527 1604 1573 sed
1630 1527 1690 1572 ad

82 1602 309 1668 justitiam
334 1607 381 1647 et
405 1600 465 1646 ad
491 1600 632 1647 fidem
658 1600 873 1663 pertinet.
945 1601 1071 1646 Nam
1096 1602 1323 1663 praeclare
1349 1602 1552 1648 Ennius:
1717 1610 1743 1648 5

226 1685 265 1732 O
289 1684 429 1730 Fides
452 1685 592 1739 alma,
619 1691 730 1744 apta
746 1685 920 1744 pinnis,
948 1691 988 1730 et
1011 1685 1056 1730 J
1053 1701 1104 1730 us
1116 1685 1303 1745 jai-and
1309 1702 1382 1731 am
1413 1686 1561 1732 Jovis.

88 1778 178 1836 Qui
217 1778 306 1825 Jus
346 1777 489 1841 igitur
524 1777 782 1840 jurandum
817 1777 973 1831 violat,
1001 1778 1039 1823 is
1077 1777 1243 1824 Fidem
1283 1778 1437 1831 violat,
1466 1795 1608 1841 quam
1649 1779 1694 1824 in

88 1853 320 1917 Capitolio
343 1852 541 1899 vicinam
574 1852 705 1899 Jovis
731 1852 910 1915 Optimi
950 1852 1156 1907 Maximi,
1185 1859 1238 1899 ut
1278 1853 1325 1899 in
1368 1854 1558 1900 Catonis
1595 1870 1694 1900 ora-

89 1930 212 1976 tione
237 1933 323 1982 est,
348 1922 553 1990 majores
578 1927 725 1973 nostri
751 1943 853 1973 esse
876 1927 1142 1974 voluerunt„

155 2004 225 2050 At
249 2003 370 2049 enim
393 2018 450 2048 ne
475 2002 621 2048 iratus
646 2002 836 2064 quidem
852 2002 882 2049 J
888 2002 1077 2065 uppiter
1101 2002 1208 2065 plus
1238 2002 1425 2066 Regulo
1448 2003 1697 2057 nocuisset,
1726 2008 1752 2048 6

89 2094 231 2142 quam
257 2078 346 2124 sibi
368 2077 526 2123 nocuit
549 2076 649 2139 ipse
669 2077 898 2139 Regulus,
972 2077 1125 2131 Certe,
1154 2077 1191 2123 si
1215 2077 1328 2123 nihil
1352 2078 1530 2123 malum
1555 2084 1693 2132 esset,
1725 2078 1748 2123 7

89 2154 175 2200 nisi
200 2153 373 2199 dolere.
445 2152 504 2198 Id
541 2158 700 2197 autem
732 2168 825 2197 non
859 2151 1000 2198 modo
1036 2168 1274 2198 summum
1311 2153 1503 2202 malum,
1531 2152 1614 2198 sed
1639 2168 1697 2198 ne

90 2229 267 2275 malum
286 2227 476 2290 quidem
497 2242 613 2281 esse,
635 2227 838 2272 maxima
859 2227 1136 2273 auctoritate
1164 2227 1433 2290 philosophi
1452 2227 1697 2273 affirmant.

92 2305 303 2360 Quorum
329 2302 519 2365 quidem
555 2307 727 2348 testem
763 2318 858 2348 non
898 2302 1198 2356 mediocrem,
1226 2302 1310 2348 sed
1346 2302 1475 2348 haud
1509 2302 1604 2348 scio
1640 2318 1699 2347 an
1727 2307 1753 2347 8

93 2377 433 2442 gravissimum,
472 2376 728 2439 Regulum,
767 2377 926 2431 nolite,
970 2393 1150 2439 quaeso,
1195 2377 1475 2440 vituperare.
1547 2377 1698 2432 Quem
1727 2382 1752 2422 9

94 2453 214 2499 enim
248 2451 603 2514 locupletiorem
629 2451 900 2514 quaerimus,
940 2468 1082 2514 quam
1118 2452 1376 2514 principem
1412 2452 1574 2514 populi
1611 2452 1706 2497 Ro-

94 2528 232 2582 mani,
260 2527 340 2589 qui
374 2526 601 2572 retinendi
638 2527 774 2573 officii
810 2543 952 2572 causa
977 2527 1236 2573 cruciatum
1272 2527 1465 2573 subierit
1489 2527 1701 2572 volunta-

97 2602 305 2647 tarium‘?
375 2601 500 2646 Nam
524 2601 653 2663 quod
678 2601 821 2655 aiunt,
843 2601 1036 2647 Minima
1061 2601 1119 2647 de
1143 2601 1277 2647 malis
1296 2617 1306 2656 ;
1342 2601 1390 2647 id
1415 2607 1501 2655 est,
1528 2606 1582 2646 ut
1606 2607 1703 2646 tur·
1734 2605 1791 2646 10

98 2677 217 2740 piter
241 2675 409 2737 potius,
437 2691 579 2738 quam
605 2676 903 2722 calamitose:
941 2692 1001 2721 an
1040 2682 1112 2722 est
1147 2676 1298 2722 ullum
1335 2676 1490 2738 majus
1528 2675 1705 2721 malum

99 2750 424 2813 turpitudine?
496 2749 615 2804 Quae
643 2750 748 2796 siin
772 2750 1071 2796 deformitate
1109 2750 1316 2804 eorporis
1351 2751 1497 2796 habet
1532 2749 1707 2811 aliquid

101 2824 373 2877 offensioniS,
400 2830 575 2885 quanta
599 2824 676 2869 illa
701 2824 974 2886 depravatio
1000 2837 1047 2871 et
1071 2825 1262 2872 foeditas
1288 2824 1543 2887 turpificati
1567 2823 1705 2868 animi

100 2898 241 2945 debet
264 2898 446 2943 videri?
518 2897 682 2959 Itaque
704 2899 943 2945 nervosius
968 2899 1046 2962 qui
1070 2899 1159 2945 ista
1179 2899 1427 2953 disserunt,
1450 2898 1603 2944 solum
1623 2913 1704 2942 au·
1735 2901 1787 2944 1]

101 2972 212 3019 dent
235 2972 413 3018 malum
437 2972 590 3018 dicere
616 2972 678 3026 id,
705 2972 831 3034 quod
857 2979 995 3035 turpe
1021 2973 1106 3019 sit:
1145 2973 1224 3036 qui
1260 2979 1419 3019 autem
1458 2971 1710 3027 remissius,

103 3047 148 3094 hi
173 3052 328 3093 tamen
353 3061 445 3091 non
470 3046 686 3092 dubitant
710 3062 946 3092 summum
971 3047 1147 3092 malum
1173 3047 1340 3093 dicere.
