2054 3470
266 207 352 249 114
955 219 1016 249 DE
1037 219 1257 258 ,oFFieirs

346 327 499 374 XXV.
537 327 612 372 Ac
638 344 696 373 ne
721 327 800 372 illa
825 325 1015 390 quidem
1052 326 1279 390 promissa
1315 325 1547 372 servanda
1583 330 1706 379 sunt,
1735 341 1844 388 quae
1869 342 1959 373 non

294 407 321 448 2
348 407 458 448 sunt
481 402 534 448 iis
560 402 671 465 ipsis
709 402 852 456 utilia,
880 401 1050 464 quibus
1085 402 1165 447 illa
1201 400 1486 465 promiseris.
1557 400 1640 446 Sol
1675 400 1960 448 Phaethonti

348 477 454 532 filio,
482 483 536 523 ut
560 477 808 523 redeamus
833 477 894 522 ad
909 477 1109 531 fabulas,
1131 477 1369 522 facturum
1396 491 1446 521 se
1472 491 1575 521 esse
1593 474 1722 529 dixit,
1741 474 1962 538 quiequid

347 558 574 615 optasset.
647 552 858 615 Optavit,
884 557 938 598 ut
962 552 1008 598 in
1033 568 1222 598 currum
1250 551 1394 614 patris
1420 551 1677 597 tolleretur.
1739 550 1965 597 Subi-atus

349 633 433 674 est.
505 627 670 690 Atque
694 627 732 673 is
757 635 1011 690 antequam
1046 627 1267 681 constitit,
1295 627 1394 673 ietu
1427 626 1634 672 fulminis
1671 625 1962 689 deflagravit,

295 709 321 750 3
350 703 537 759 Quanto
562 702 727 749 melius
752 703 920 757 fuerat,
946 702 993 748 in
1017 703 1107 749 hoe
1134 702 1417 765 promissum
1443 701 1591 764 patris
1615 716 1709 747 non
1734 716 1836 747 esse
1872 716 1964 747 ser-

348 784 512 824 vatum
534 778 542 824 !
613 778 751 834 Quid,
778 778 906 841 quod
932 779 1143 824 Theseus
1167 777 1325 841 exegit
1349 776 1631 840 promissum
1656 792 1683 822 a
1702 776 1928 839 Neptuno
1944 777 1965 822 ⁴?

350 853 439 900 Cui
464 870 572 900 eum
595 858 691 899 tres
717 854 983 916 optationes
1000 853 1256 916 Neptunus
1282 852 1506 907 dedisset,
1523 851 1708 914 optavit
1731 850 1970 898 interitum

349 928 602 993 Hippolyti
625 929 718 984 filii,
747 945 855 975 cum
879 929 916 975 is
943 928 1066 991 patri
1091 934 1343 991 suspectus
1369 933 1495 974 esset
1521 927 1581 973 de
1604 942 1836 974 noverea:
1874 943 1969 990 quo

294 1009 323 1050 4
349 1010 513 1067 optato
536 1004 804 1067 impetrato,
832 1004 1043 1050 Theseus
1069 1004 1116 1050 in
1140 1003 1353 1049 maximis
1388 1003 1478 1049 fuit
1512 1002 1732 1050 luctibus,
1803 1002 1967 1058 Quid?

349 1081 684 1144 Agamemnon
708 1096 817 1126 eum
852 1079 1120 1126 devovisset
1145 1079 1330 1134 Dianae,
1359 1078 1486 1142 quod
1511 1078 1558 1124 in
1582 1094 1668 1124 suo
1691 1093 1840 1141 regno
1865 1077 1968 1141 pul-

350 1155 635 1202 cherrimum
659 1160 825 1201 natum
851 1161 976 1201 esset
1000 1155 1079 1202 illo
1104 1163 1241 1210 anno,
1263 1154 1522 1200 immolavit
1546 1152 1856 1217 Iphigeniam,
1878 1168 1970 1216 qua

349 1232 462 1278 nihil
487 1237 587 1278 erat
612 1247 667 1278 eo
692 1232 884 1294 quidem
909 1247 1030 1278 anno
1054 1237 1219 1277 natum
1241 1231 1498 1294 pulchrius.
1568 1229 1862 1276 Promissum
1886 1244 1969 1292 po-

352 1308 443 1354 tius
467 1324 561 1353 non
585 1307 868 1361 faciendum,
897 1324 1039 1370 quam
1064 1313 1162 1353 tarn
1187 1313 1379 1352 taetrum
1404 1306 1588 1352 facinus
1623 1304 1972 1351 admittendum

298 1391 324 1431 5
352 1384 453 1430 fuit.
525 1384 654 1447 Ergo
693 1389 741 1429 et
785 1383 1018 1446 promissa
1053 1399 1147 1428 non
1185 1382 1400 1428 facienda
1434 1396 1784 1444 nonnunquam,
1821 1394 1971 1442 neque

299 1464 325 1505 6
352 1475 539 1521 semper
564 1459 781 1521 deposita
815 1458 1074 1504 reddenda.
1147 1457 1197 1503 Si
1234 1457 1446 1520 gladium
1479 1456 1583 1519 quis
1618 1455 1748 1519 apud
1774 1460 1822 1502 te
1858 1470 1971 1500 sana

352 1541 510 1580 mente
537 1534 824 1597 deposuerit,
852 1540 1038 1597 repetat
1074 1532 1337 1587 insaniens;
1374 1531 1574 1578 reddere
1611 1536 1862 1594 peecatum
1898 1530 1970 1584 sit,

302 1610 326 1656 7
355 1610 560 1656 officium
598 1626 692 1655 non
730 1609 942 1656 reddere.
1015 1608 1153 1664 Quid,
1182 1608 1219 1654 si
1260 1608 1311 1661 is,
1352 1607 1431 1670 qui
1466 1606 1597 1669 apud
1634 1612 1681 1652 te
1723 1605 1973 1669 pecuniam

355 1685 640 1748 deposuerit,
663 1685 839 1731 bellum
855 1684 1023 1730 inferat
1049 1683 1231 1746 patriae,
1250 1682 1485 1729 reddasne
1503 1681 1773 1745 depositum
1791 1681 1812 1727 ἱ)
1849 1681 1973 1735 Non,

356 1760 511 1807 eredo,
583 1760 748 1806 Facias
786 1759 912 1806 enim
950 1765 1113 1806 eontra
1147 1774 1247 1804 rem
1282 1757 1535 1821 publicam,
1562 1772 1670 1819 quae
1695 1755 1840 1803 debet
1873 1771 1975 1802 esse

302 1843 329 1884 8
357 1836 608 1883 carissima.
679 1835 756 1881 Sic
797 1835 962 1889 multa,
1001 1849 1108 1897 quae
1146 1834 1347 1879 honesta
1387 1838 1557 1878 natura
1598 1830 1818 1877 videntur
1857 1847 1974 1885 esse,

357 1911 651 1975 temporibus
677 1911 796 1956 fiunt
819 1926 914 1956 non
949 1910 1161 1956 honesta.
1234 1909 1410 1955 Facere
1447 1907 1690 1970 promissa,
1719 1913 1842 1952 stare
1868 1922 1975 1953 eon-

356 1987 522 2041 ventis,
548 1986 748 2032 reddere
786 1985 1015 2048 deposita,
1044 1989 1336 2031 commutata
1370 1983 1585 2038 utilitate,
1613 1983 1731 2029 fiunt
1765 1998 1859 2028 non
1893 1982 1976 2028 ho-

304 2068 330 2110 9
357 2068 503 2108 nesta.
575 2062 651 2107 Ae
676 2061 735 2107 de
759 2061 811 2107 iis
837 2061 1042 2124 quidem,
1061 2075 1171 2123 quae
1189 2059 1413 2105 videntur
1438 2074 1539 2104 esse
1565 2057 1791 2104 utilitates
1816 2063 1977 2104 contra

354 2137 586 2202 justitiam
611 2136 905 2183 simulatione
931 2135 1214 2199 prudentiae,
1240 2134 1352 2180 satis
1377 2134 1578 2181 arbitror
1604 2133 1797 2180 dietum.

281 2294 334 2335 10
428 2287 526 2334 Sed
552 2287 772 2349 quoniam
807 2302 835 2331 a
870 2291 1096 2348 quattuor
1130 2284 1338 2330 fontibus
1379 2283 1638 2330 honestatis
1675 2283 1824 2346 primo
1859 2283 1977 2329 libro

361 2362 510 2419 officia
535 2362 768 2416 duximus,
795 2361 841 2407 in
866 2361 1041 2407 eisdem
1060 2375 1315 2414 versemur,
1337 2375 1444 2405 eum
1471 2359 1759 2412 docebimuS,
1782 2374 1850 2412 ea,
1871 2373 1978 2420 quae

361 2438 609 2485 videantur
634 2452 735 2483 esse
771 2437 917 2491 utilia,
945 2451 1097 2498 neque
1133 2435 1237 2490 sint,
1265 2450 1408 2497 quam
1445 2434 1536 2480 sint
1559 2433 1743 2480 virtutis
1777 2432 1974 2479 inimica.

280 2520 333 2561 11
363 2514 437 2560 Ae
464 2513 523 2559 de
549 2512 800 2576 prudentia
824 2512 1029 2575 quidem,
1057 2527 1199 2574 quam
1218 2511 1319 2557 vult
1343 2509 1512 2556 imitari
1529 2509 1734 2564 malitia3
1770 2508 1977 2571 itemque

280 2595 336 2637 12
364 2589 424 2635 de
445 2589 640 2651 justitia,
663 2603 769 2650 quae
794 2603 981 2650 semper
1005 2593 1077 2632 est
1101 2586 1240 2640 utilis,
1268 2585 1565 2648 disputatum
1601 2590 1686 2631 est.
1763 2583 1978 2646 Reliquae

364 2670 474 2710 sunt
499 2663 607 2709 duae
631 2670 793 2726 partes
819 2661 1095 2716 honestatis,
1122 2677 1324 2723 quarum
1347 2660 1495 2706 altera
1518 2660 1564 2705 in
1588 2659 1728 2705 animi
1746 2658 1975 2717 exeessenf

364 2739 424 2785 tis
449 2738 772 2801 magnitudine
809 2744 856 2783 et
892 2736 1165 2800 praestantia
1200 2735 1416 2789 cernitur,
1455 2735 1602 2781 altera
1636 2734 1683 2780 in
1717 2733 1976 2780 conforma-

366 2814 491 2860 tione
516 2820 563 2859 et
587 2813 907 2858 moderatione
934 2811 1230 2859 continentiae
1249 2816 1296 2857 et
1320 2809 1656 2873 temperantioe.

435 2963 615 3009 XXVI.
655 2933 784 3008 Utile
812 2962 1061 3008 videbatur
1084 2959 1188 3006 Uli
1207 2959 1263 3006 xi
1301 2958 1374 3024 (ut
1399 2959 1592 3021 quidem
1629 2963 1784 3022 poetae
1812 2957 1978 3020 tragici

369 3038 703 3100 prodiderunt:
741 3053 849 3082 nam
875 3036 1003 3099 apud
1030 3036 1306 3089 Homerum,
1335 3033 1566 3097 optimum
1592 3038 1847 3086 auetcrem,
1872 3031 1978 3078 talis

2019 118 2044 124 .'
2024 0 2052 79 ‹ez-,¹3
