2054 3470
686 264 822 291 muni<
850 263 878 291 1.
952 262 1060 291 CAP.
1090 262 1232 291 xxxv.
1741 251 1801 294 45

112 371 350 418 industria..
422 372 584 432 Atque
619 370 758 415 etiam
792 385 899 414 curn
924 369 1133 414 relaxare
1158 368 1336 413 animos
1363 376 1410 413 et
1435 367 1546 413 dare
1572 383 1620 414 se
1641 367 1715 431 ju·
1743 371 1769 414 4

117 446 338 493 cunditati
373 446 543 499 volent,
579 450 775 490 caveant
810 443 1234 505 intemperantiam,
1272 442 1565 487 meminerint
1589 458 1717 489 vere-

113 521 320 567 cundiae:
371 520 498 582 quod
540 519 626 565 erit
667 519 860 572 facilius,
905 519 943 563 si
986 518 1031 563 in
1070 517 1305 579 ejusmodi
1345 517 1536 578 quidem
1577 518 1716 563 rebus

112 596 312 658 majores
350 601 465 640 natu
488 594 632 640 velint
667 594 905 640 interesse.
979 593 1181 638 Senibus
1217 599 1376 637 autem
1410 592 1593 637 labores
1619 608 1716 638 cor-
1743 600 1770 640 5

113 671 236 732 poris
273 669 526 723 minuendi,
553 668 906 715 exercitationes
949 667 1088 713 animi
1128 667 1268 712 etiam
1305 667 1536 730 augendae
1561 667 1717 712 viden-

115 752 200 792 tur.
250 745 421 791 Danda
438 760 548 790 vero
568 759 723 806 opera,
741 749 795 789 ut
811 749 857 789 et
877 743 1049 788 amicos
1070 748 1116 788 et
1136 743 1433 804 juventutem
1453 748 1501 787 et
1519 742 1718 787 maxime

117 835 204 865 rem
235 820 472 882 publicam
492 819 681 865 consilio
701 825 748 864 et
773 817 1022 880 prudentia
1043 834 1187 880 quam
1207 817 1458 879 plurimum
1478 817 1716 879 adjuvent.

116 894 240 942 Nihil
268 901 425 940 autem
449 894 600 957 magis
621 893 883 939 cavendum
904 899 977 938 est
1001 892 1244 946 senectuti,
1266 908 1407 954 quam
1426 908 1484 937 ne
1503 892 1719 955 languori
1747 897 1772 937 6

112 969 472 1031 se'desidiaeque
497 969 654 1014 dedat.
726 968 933 1013 Luxuria.
959 984 1069 1013 vero
1095 984 1202 1014 cum
1228 967 1355 1013 omni
1388 967 1515 1012 oetati
1550 967 1716 1029 turpis,
1747 969 1771 1013 7

114 1049 215 1090 tum
249 1044 479 1090 senectuti
517 1043 778 1090 foediss1ma
814 1050 898 1090 est.
970 1043 1053 1088 Sin
1094 1050 1252 1088 autem
1294 1042 1539 1088 libidinum
1579 1042 1718 1087 etiam

113 1118 468 1181 intemperantia
509 1118 771 1172 accesserit,
809 1118 986 1180 duplex
1027 1118 1203 1163 malum
1247 1123 1330 1171 est,
1369 1116 1496 1179 quod
1533 1122 1579 1162 et
1619 1116 1721 1179 ipsa

112 1199 329 1239 senectus
349 1193 555 1240 dedecus
575 1193 790 1255 concipit,
813 1200 861 1238 et
885 1193 996 1238 facit
1015 1192 1384 1238 adolescentium
1409 1191 1720 1254 impudentio—

112 1284 211 1315 rem
234 1268 657 1331 intemperantiam.

177 1343 254 1390 Ac
299 1359 358 1403 ne
398 1343 515 1389 illud
556 1343 745 1405 quidem
782 1343 984 1388 alienum
1022 1348 1105 1396 est,
1142 1342 1201 1388 de
1242 1342 1620 1405 magistratuum,
1661 1342 1718 1387 de
1749 1349 1774 1388 8

115 1418 417 1482 privatorum,
445 1418 504 1465 de
531 1419 714 1472 civium,
742 1419 800 1464 de
831 1417 1186 1481 peregrinorum
1210 1417 1369 1463 officiis
1395 1416 1564 1464 dicere.
1635 1418 1721 1463 Est
1749 1423 1775 1464 9

114 1494 255 1558 igitur
296 1494 539 1557 proprium
579 1510 752 1539 munus
793 1493 1113 1556 magistratus,
1157 1492 1429 1556 intelligere,
1468 1508 1517 1538 se
1559 1508 1722 1555 gerere

114 1585 363 1632 personam
389 1569 598 1623 civitatis,
622 1569 887 1630 debereque
908 1568 1009 1630 ejus
1036 1567 1316 1631 dignitatem
1342 1573 1388 1614 et
1413 1567 1558 1614 decus
1584 1568 1720 1613 susti-

114 1660 236 1698 nere,
264 1660 446 1690 servare
483 1644 629 1707 leges,
654 1644 762 1706 jura
800 1643 1077 1697 describere,
1111 1659 1165 1689 ea
1202 1643 1311 1689 fidei
1349 1658 1447 1688 suae
1479 1642 1724 1688 commissa.

114 1719 390 1766 meminisse.
456 1720 701 1765 Privatum
726 1725 885 1764 autem
912 1724 1099 1781 oportet
1125 1734 1260 1781 aequo
1286 1724 1333 1764 et
1358 1717 1458 1780 pari
1483 1734 1589 1764 cum
1616 1717 1721 1763 civi·
1753 1723 1809 1763 10

115 1795 204 1841 bus
235 1794 341 1858 jure
376 1794 544 1849 vivere,
581 1810 733 1857 neque
775 1794 1078 1840 summissum
1115 1800 1163 1839 et
1197 1793 1451 1856 abjectum,
1488 1808 1639 1854 neque
1675 1809 1723 1838 se

116 1870 415 1916 efferentem:
452 1876 556 1916 tum
592 1869 639 1916 in
676 1885 726 1915 re
766 1869 955 1931 publica
990 1885 1046 1915 ea
1081 1869 1214 1923 velle,
1242 1884 1348 1931 quae
1387 1867 1636 1930 tranquilla
1677 1874 1723 1913 et

116 1943 314 1991 honesta
342 1945 446 1991 sint.
517 1945 679 1990 Talem
703 1944 825 1990 enim
851 1944 1055 1989 solemus
1081 1949 1128 1989 et
1153 1943 1324 1988 sentire
1356 1943 1533 1988 bonum
1558 1942 1720 1996 civem,

117 2025 166 2066 ot
189 2019 360 2066 dicere.
430 2018 674 2082 Peregrini
708 2024 867 2064 autem
903 2024 1046 2080 atque
1081 2017 1246 2063 incolae
1273 2017 1475 2063 officium
1501 2023 1586 2071 est,
1613 2017 1721 2062 nihil
1755 2022 1802 2063 ll

118 2100 292 2156 praeter
327 2110 465 2140 suum
506 2093 750 2157 negotium
789 2108 946 2156 agere,
972 2092 1086 2138 nihil
1118 2092 1177 2138 de
1203 2092 1292 2138 alio
1316 2091 1573 2154 anquirere,
1596 2092 1721 2137 mini-

117 2185 286 2231 meque
311 2185 412 2215 esse
436 2169 482 2214 in
506 2169 654 2214 aliena
676 2184 726 2214 re
752 2168 942 2231 publica
968 2167 1216 2214 curiosum.

185 2245 259 2290 Ita
293 2243 390 2290 fere
425 2243 574 2290 officia
607 2243 915 2306 reperientur,
957 2259 1063 2289 cum
1102 2247 1353 2304 quaeretur,
1394 2242 1506 2305 quid
1544 2242 1721 2295 deceat,
1754 2247 1809 2287 12

119 2324 166 2365 et
190 2319 303 2381 quid
327 2324 494 2382 aptum
519 2318 578 2364 sit
603 2318 828 2380 personis,
856 2318 1164 2381 temporibus,
1194 2317 1426 2364 aetatibus.
1498 2317 1627 2362 Nihil
1653 2322 1724 2362 est
1755 2322 1809 2362 13

119 2400 291 2448 autem,
318 2393 447 2456 quod
483 2399 579 2439 tam
606 2393 786 2448 deceat,
815 2409 957 2456 quam
986 2393 1033 2438 in
1058 2392 1183 2438 omni
1207 2408 1256 2438 re
1282 2392 1491 2455 gerenda
1516 2392 1723 2438 consilio-

119 2484 210 2531 que
234 2469 462 2531 capiendo
486 2484 669 2515 servare
696 2468 1020 2514 constantiam.

185 2618 381 2665 XXXV.
409 2618 505 2664 Sed
528 2618 745 2680 quoniam
765 2617 988 2663 decorum
1012 2616 1129 2663 illud
1153 2617 1198 2662 in
1215 2617 1431 2663 omnibus
1455 2616 1605 2669 factis,
1628 2615 1722 2661 dic-

123 2692 193 2747 tis,
214 2693 260 2739 in
279 2693 485 2754 corporis
510 2693 710 2755 denique
729 2698 862 2738 motu
887 2698 934 2738 et
959 2698 1087 2737 statu
1110 2691 1326 2745 cernitur,
1354 2691 1496 2753 idque
1522 2691 1725 2753 positum

122 2773 194 2813 est
226 2767 273 2813 in
305 2767 457 2813 tribus
493 2768 649 2822 rebus,
675 2767 986 2821 formositate,
1014 2766 1188 2820 ordine,
1217 2772 1385 2812 ornatu
1408 2766 1469 2812 ad
1495 2765 1724 2812 actionem

123 2849 248 2903 apto,
275 2841 536 2888 difficilibus
571 2842 631 2887 ad
670 2842 1002 2903 eloquendum,
1031 2840 1115 2886 sed
1155 2841 1266 2886 satis
1300 2841 1387 2886 erit
1421 2840 1644 2903 intelligi;
1680 2839 1725 2884 in
1753 2845 1779 2886 2

125 2915 192 2962 his
216 2922 377 2962 autem
400 2916 550 2962 tribus
575 2916 835 2962 continetur
860 2932 971 2962 cura
996 2916 1137 2962 etiam
1162 2915 1254 2969 illa,
1282 2921 1335 2960 ut
1371 2916 1624 2977 probemur
1659 2913 1725 2967 iis,

125 2990 401 3050 quibuscum
417 2990 544 3052 apud
561 3006 771 3053 quosque
787 2991 1021 3036 vivamus:
1047 2990 1119 3035 his
1136 3005 1322 3051 quoque
1340 2989 1398 3034 de
1418 2990 1557 3034 rebus
1577 3003 1728 3050 pauca.

127 3064 350 3111 dicantur.
420 3065 667 3127 Principio,
696 3065 901 3127 corporis
926 3064 1071 3110 nostri
1096 3079 1317 3126 magnam
1344 3069 1510 3108 natura
1536 3062 1638 3124 ipsa
1661 3061 1725 3107 vi-
1752 3065 1780 3108 8
