2054 3470
647 214 788 244 LIBER
812 214 884 245 111.
957 214 1065 244 CAP.
1096 215 1220 244 xxxt.
1706 204 1793 245 119

107 320 348 368 videbatur
385 322 576 377 utilitas,
627 322 736 385 plus
771 322 932 377 valuit,
970 338 1111 384 quam
1157 323 1407 368 honestas:
1458 321 1588 383 apud
1633 339 1710 368 su-

104 396 306 459 periores
330 397 544 443 utilitatis
570 397 751 459 species
786 397 906 442 falsa
941 397 999 443 ab
1038 397 1294 443 honestatis
1331 396 1609 442 auctoritate
1635 413 1710 442 su·

71 534 74 535 ⁷
101 478 264 536 perata
288 479 372 518 est.

163 547 234 593 At
274 563 366 593 non
407 547 568 593 debuit
606 553 762 593 ratum
805 562 920 600 esse,
959 547 1087 609 quod
1130 553 1230 593 erat
1269 553 1428 593 actum
1476 562 1560 609 per
1600 546 1707 594 vim.
1737 552 1764 593 6

99 622 244 678 Quasi
267 638 377 668 vero
412 622 520 668 forti
545 622 641 667 viro
667 622 735 667 vis
778 622 928 685 possit
963 622 1187 668 adhiberi.
1262 623 1360 668 Cur
1384 622 1527 686 igitur
1552 622 1613 668 ad
1639 638 1709 668 se·
1738 623 1763 670 7

97 704 260 743 natum
279 697 677 759 proficiscebatur,
697 713 804 743 cum
830 697 1096 759 praesertim
1118 697 1175 743 de
1197 697 1393 759 captivis
1411 697 1710 743 dissuasurus

97 773 258 818 osset?
298 772 436 827 Quod
457 772 713 817 maximum
731 771 778 817 in
796 788 851 818 eo
870 778 955 826 est,
977 772 1024 818 id
1043 772 1399 834 reprehenditis.
1459 772 1569 818 Non
1586 773 1710 819 enim
1742 778 1765 819 3

97 863 181 892 suo
200 847 378 910 judicio
404 848 546 902 stetit,
575 847 658 894 sed
694 847 903 911 suscepit
928 864 1133 902 causam,
1160 853 1214 894 ut
1239 854 1363 894 esset
1383 848 1614 910 judicium
1640 864 1709 894 se-

97 929 264 968 natus:
303 922 377 968 cui
413 923 499 968 nisi
536 923 637 986 ipse
673 930 839 969 auctor
879 923 1058 978 fuisset,
1087 923 1261 986 captivi
1302 924 1518 986 profecto
1552 924 1713 971 Poenis

96 997 268 1043 redditi
309 1004 492 1044 essent:
529 998 595 1043 ita
635 997 879 1044 incolumis
917 998 966 1044 in
1009 999 1161 1060 patria
1202 999 1415 1062 Regulus
1450 999 1709 1045 restitisset.

98 1072 237 1127 Quod
263 1072 371 1134 quia
406 1072 569 1135 patriae
606 1089 700 1118 non
735 1073 849 1119 utile
892 1074 1090 1136 putavit,
1119 1073 1292 1120 idcirco
1332 1074 1418 1120 sibi
1458 1074 1710 1120 honestum
1738 1079 1765 1120 9

96 1154 144 1193 et
168 1147 336 1193 sentire
362 1147 439 1193 illa
463 1154 510 1193 et
536 1149 633 1211 pati
658 1148 868 1194 credidit.
941 1149 1066 1194 Nam
1091 1149 1218 1210 quod
1244 1148 1392 1203 aium,
1421 1149 1548 1210 quod
1573 1149 1711 1196 valde
1740 1154 1796 1194 10

96 1222 210 1268 utile
246 1222 318 1276 sit,
346 1222 394 1267 id
430 1223 527 1268 fieri
562 1223 840 1269 honestum:
877 1223 1019 1268 immo
1045 1239 1155 1269 vero
1181 1239 1296 1277 esse,
1325 1239 1417 1269 non
1442 1223 1553 1269 fieri.
1626 1224 1712 1269 Est

97 1297 216 1344 enim
253 1297 364 1343 nihil
401 1298 528 1352 utile,
556 1298 683 1360 quod
719 1298 845 1344 idem
883 1314 975 1344 non
1010 1298 1287 1344 honestum:
1325 1315 1410 1344 nec
1436 1299 1545 1360 quia
1580 1299 1710 1352 utile,

96 1373 346 1418 honestum
373 1379 476 1427 est;
515 1373 599 1419 sed
625 1373 735 1436 quia
771 1373 1040 1426 honestum,
1068 1373 1194 1419 utile.
1267 1373 1422 1428 Quare
1459 1389 1516 1419 ex
1551 1373 1711 1419 multis
1741 1378 1791 1421 1]

96 1447 384 1494 mirabilibus
426 1448 666 1511 exemplis,
694 1448 824 1493 haud
856 1448 993 1494 facile
1020 1448 1124 1510 quis
1161 1448 1327 1494 dixerit
1369 1449 1458 1493 hoc
1496 1449 1713 1512 exemplo

98 1529 178 1568 aut
201 1523 482 1569 laudabilius
507 1530 589 1568 aut
614 1523 933 1585 praestantius.

163 1675 339 1720 XXXI.
379 1674 475 1720 Sed
501 1690 559 1720 ex
584 1679 684 1719 tota
709 1674 798 1720 hac
823 1674 962 1720 laude
980 1674 1153 1737 Reguli
1174 1691 1317 1720 unum
1341 1674 1455 1720 illud
1476 1680 1547 1720 est
1566 1672 1712 1720 admi-

99 1750 276 1796 ratione
318 1749 530 1812 dignum,
575 1749 702 1812 quod
746 1750 956 1811 captivos
1005 1749 1272 1795 retinendos
1321 1750 1514 1796 censuit.
1586 1750 1712 1795 Nam
1740 1755 1766 1794 2

99 1825 226 1887 quod
251 1825 400 1878 rediit,
427 1824 559 1871 nobis
599 1841 721 1870 nunc
760 1825 969 1871 mirabile
997 1825 1208 1871 videtur:
1245 1825 1332 1871 illis
1368 1825 1559 1887 quidem
1595 1831 1713 1870 tem-

100 1900 292 1963 poribus
317 1899 450 1945 aliter
485 1900 639 1945 facere
669 1915 761 1944 non
797 1899 964 1962 potuit.
1036 1901 1205 1962 Itaque
1246 1900 1336 1945 ista
1371 1900 1474 1946 laus
1513 1916 1605 1946 non
1643 1906 1714 1946 est

100 1975 311 2025 hominis.
361 1974 444 2020 sed
485 1980 768 2036 temporum.
839 1975 1037 2020 Nullum
1081 1975 1202 2020 enim
1244 1975 1483 2020 vinculum
1531 1974 1593 2020 ad
1641 1991 1712 2020 as·
1741 1981 1767 2021 3

101 2049 400 2113 tringendam
438 2049 579 2095 fidem
620 2049 727 2111 jure
762 2049 966 2111 jurando
1003 2050 1206 2112 majores
1246 2049 1392 2095 artius
1428 2065 1530 2096 esse
1556 2050 1714 2096 volue-

99 2132 221 2171 runt.
291 2124 350 2170 Id
388 2124 593 2170 indicant
633 2125 762 2187 leges
802 2124 849 2169 in
883 2125 994 2171 XII.
1031 2125 1218 2178 tabulis,
1257 2124 1464 2171 indicant
1503 2130 1713 2179 sacratae,
1742 2130 1767 2171 4

100 2200 305 2255 indicant
339 2199 530 2253 foedera,
560 2200 729 2261 quibus
767 2200 906 2246 etiam
944 2217 1051 2246 cum
1091 2201 1228 2246 hoste
1265 2199 1524 2246 devincitur
1566 2200 1714 2255 fides;

101 2275 306 2321 indicant
331 2275 543 2321 notiones
570 2274 1088 2337 animadversionesque
1114 2291 1372 2329 censorum,
1402 2275 1481 2337 qui
1504 2275 1632 2321 nulla
1656 2274 1716 2321 de

100 2367 150 2397 re
176 2350 444 2413 diligentius
469 2365 611 2411 quam
637 2350 696 2395 de
718 2350 824 2412 jure
845 2350 1049 2413 jurando
1083 2350 1373 2412 judicabant.
1445 2350 1497 2397 L.
1525 2350 1714 2405 Manlio,
1743 2358 1769 2398 5

104 2425 164 2472 A.
190 2426 260 2480 F„
289 2442 396 2472 cum
423 2425 626 2471 dictator
666 2425 848 2480 fuisset,
877 2425 940 2472 M.
978 2425 1270 2487 Pomponius
1310 2425 1523 2472 tribunus
1563 2426 1715 2489 plebis

103 2501 227 2547 diem
251 2500 379 2554 dixit,
408 2500 535 2562 quod
560 2500 598 2545 is
625 2516 802 2562 paucos
828 2500 914 2546 sibi
939 2500 1036 2546 dies
1061 2500 1121 2545 ad
1148 2500 1431 2546 dictaturam
1456 2500 1715 2563 gerendam

103 2575 375 2621 addidisset.
447 2574 793 2621 Criminabatur
834 2575 990 2629 etiam,
1040 2575 1168 2636 quod
1215 2575 1374 2621 Titum
1423 2575 1589 2630 filium,
1638 2575 1716 2638 qui
1744 2580 1770 2622 6

104 2657 270 2714 postea
295 2656 366 2695 est
391 2649 655 2712 Torquatus
681 2650 964 2713 appellatus,
992 2651 1052 2697 ab
1080 2650 1344 2696 hominibus
1380 2650 1639 2714 relegasset
1665 2656 1713 2696 et

106 2725 199 2772 ruri
223 2725 434 2771 habitare
455 2725 682 2787 jussisset.
739 2724 990 2780 Quodcum
1016 2725 1271 2772 audivisset
1289 2726 1561 2772 adolescens
1582 2726 1715 2780 filius,
1745 2726 1770 2772 7

106 2800 348 2864 negotium
372 2800 579 2846 exhiberi
617 2801 767 2862 patri:
805 2801 1063 2847 accurrisse
1099 2801 1300 2847 Romam
1336 2807 1383 2846 et
1419 2818 1527 2847 cum
1564 2801 1713 2863 prima

109 2872 210 2921 lucc
234 2874 481 2937 Pomponii
506 2874 698 2920 domum
724 2875 903 2922 venisse
930 2875 1110 2922 dicitur.
1185 2876 1274 2921 Cui
1314 2892 1422 2922 cum
1448 2882 1572 2921 esset
1596 2891 1712 2920 nun·
1741 2879 1768 2921 8

111 2949 289 3003 tiatum,
317 2949 398 3011 qui
432 2949 564 2995 illum
598 2949 769 2995 iratum
804 2951 1056 2996 allaturum
1080 2950 1140 2996 ad
1166 2966 1215 2997 se
1241 2950 1414 3012 aliquid
1440 2956 1601 2995 contra
1637 2965 1718 3012 pa·

111 3029 229 3071 trem
252 3024 571 3079 arbitraretur,
599 3024 797 3071 surrexit
834 3040 858 3071 e
895 3025 1083 3080 lectu10,
1110 3025 1392 3087 remotisque
1432 3023 1629 3078 arbitriS‚
1657 3023 1718 3069 ad
