2054 3470
667 284 806 314 mima
841 284 891 313 11.
963 282 1072 313 oAr.
1110 284 1154 314 x.
1687 268 1748 316 67

57 399 103 440 et
141 392 296 455 specie
335 407 420 437 sua
455 396 732 446 commovet,
759 390 1052 452 maximeque
1088 390 1220 453 quasi
1256 390 1468 453 perlucet
1492 405 1549 437 ex
1584 389 1664 446 eis,

57 483 172 531 quas
210 466 585 520 commemoravi,
622 466 903 512 virtutibus:
940 465 1114 512 idcirco
1151 465 1268 520 illos,
1307 465 1352 510 in
1388 465 1556 527 quibus
1591 480 1672 511 eas

56 543 252 589 virtutes
277 557 379 588 esse
404 557 574 595 remur,
602 556 629 586 a
652 547 821 586 natura
856 541 957 603 ipsa
987 540 1179 604 diligere
1206 540 1431 603 cogimur.
1502 539 1666 602 Atque
1693 540 1718 587 7

59 619 132 664 hae
173 617 361 680 quidem
400 631 554 662 causae
593 616 815 679 diligendi
840 615 1158 680 gravissimae:
1197 621 1395 678 possunt
1420 614 1541 660 enim
1566 631 1687 677 prae-

58 699 185 740 terea
207 692 445 738 nonnullae
472 707 573 737 esse
598 691 808 737 leviores

122 823 236 871 Fid
254 840 277 870 e
295 840 316 869 s
353 831 511 869 autem
545 829 598 868 ut
633 823 877 877 habeatur,
906 823 1089 869 duabus
1124 816 1262 869 rebus
1289 823 1407 869 effici
1433 827 1603 886 potest,
1632 821 1667 867 si
1696 828 1721 868 8

57 898 425 945 existimabimur
460 898 622 960 adepti
658 898 958 960 conjunctam
996 915 1102 943 cum
1135 898 1317 961 justitia
1353 896 1664 961 prudentiam.

60 974 183 1020 Nam
208 980 255 1019 et
278 973 330 1019 iis
356 973 498 1019 fidem
523 974 769 1027 habemus,
797 989 914 1035 quos
955 973 1062 1035 plus
1099 973 1372 1037 intelligere,
1400 989 1543 1035 quam
1566 988 1665 1026 nOS,
1695 977 1721 1018 9

57 1049 351 1102 arbitramur,
378 1064 590 1110 quosque
627 1054 674 1093 et
710 1047 870 1093 futura
908 1048 1175 1111 prospicere
1214 1049 1462 1103 credimus,
1489 1053 1537 1094 et
1562 1063 1666 1093 cum

57 1139 132 1169 res
157 1130 328 1186 agatur
353 1123 397 1168 in
423 1122 763 1185 discrimenque
788 1129 980 1168 ventum
1017 1123 1089 1177 sit,
1118 1123 1339 1186 expedire
1363 1139 1463 1169 rem
1487 1128 1535 1168 et
1560 1138 1668 1168 con-

57 1197 209 1245 silium
230 1213 286 1243 ex
307 1204 521 1260 tempore
542 1213 711 1260 capere
738 1213 891 1260 posse.
962 1198 1098 1244 Hanc
1125 1198 1247 1244 enim
1272 1198 1434 1244 utilem
1458 1197 1669 1244 homines

58 1272 323 1318 existimant
347 1287 601 1334 veramque
627 1272 940 1333 prudentiam.
1013 1273 1043 1319 J
1048 1273 1164 1318 ustis
1200 1279 1360 1319 autem
1385 1279 1432 1319 et
1457 1272 1560 1318 fidis
1583 1272 1667 1318 ho·
1697 1276 1756 1318 10

58 1347 272 1401 minibus,
290 1347 337 1392 id
364 1353 436 1392 est
460 1347 592 1393 bonis
613 1347 734 1401 viris,
751 1346 816 1392 ita
840 1347 957 1393 fides
982 1348 1199 1401 habetur,
1226 1354 1281 1393 ut
1305 1348 1433 1393 nulla
1458 1347 1516 1393 sit
1534 1346 1580 1392 in
1598 1346 1670 1392 his

58 1422 233 1468 fraudis
258 1422 535 1484 injuriaeque
561 1421 778 1484 suspicio.
839 1423 1006 1484 Itaque
1033 1422 1104 1468 his
1131 1423 1330 1469 salutem
1354 1428 1577 1476 nostram,
1599 1421 1670 1468 his

58 1498 282 1551 fortunas,
300 1497 371 1543 his
396 1497 579 1549 liberos,
598 1497 852 1543 rectissime
878 1498 1105 1543 committi
1130 1498 1423 1544 arbitramur.
1485 1498 1669 1544 Harum
1698 1501 1753 1543 11

58 1572 200 1635 igitur
221 1572 420 1618 duarum
440 1571 501 1617 ad
521 1572 662 1617 fidem
682 1572 944 1618 faciendam
967 1573 1148 1635 justitia
1167 1573 1273 1635 plus
1294 1573 1441 1635 pollet
1459 1588 1468 1619 ε
1495 1573 1670 1636 quippe

60 1665 165 1694 cum
208 1663 263 1693 ea
303 1647 400 1693 sine
437 1647 687 1709 prudentia
723 1647 833 1692 satis
869 1647 1043 1694 habeat
1078 1648 1382 1703 auctoritatis,
1422 1648 1670 1710 prudentia

58 1722 154 1768 sine
176 1722 357 1784 justitia
381 1722 494 1767 nihil
519 1721 674 1767 valeat
698 1721 759 1767 ad
784 1721 1046 1768 faciendam
1073 1723 1228 1770 fidem.
1291 1724 1395 1779 Quo
1421 1723 1542 1770 enim
1567 1723 1669 1786 quis
1699 1729 1754 1769 12

59 1797 290 1843 versutior
314 1802 363 1843 et
387 1796 599 1842 callidior
634 1802 719 1850 est,
748 1796 837 1842 hoc
873 1797 1060 1843 invisior
1085 1805 1132 1844 et
1157 1798 1429 1861 suspectior,
1459 1798 1670 1844 detracta

59 1872 272 1935 opinione
298 1871 557 1934 probitatis,
630 1871 784 1926 Quam
804 1872 864 1918 ob
890 1887 989 1918 rem
1014 1873 1334 1936 intelligentiae
1355 1873 1538 1935 justitia
1563 1889 1668 1919 con·
1700 1878 1755 1919 13

56 1947 236 2010 juncta,
262 1952 491 2009 quantum
518 1945 658 1999 volet,
686 1946 880 1992 habebit
911 1947 971 1993 ad
1008 1947 1272 1993 faciendam
1307 1948 1447 1994 fidem
1474 1948 1635 1994 virium
1660 1964 1669 2002 ;

56 2021 237 2084 justitia
261 2022 358 2067 sine
384 2020 633 2083 prudentia
659 2021 859 2066 multum
897 2022 1069 2084 poterit
1089 2038 1099 2077 ;
1137 2022 1231 2068 sine
1252 2022 1433 2084 justitia
1457 2022 1567 2069 nihil
1594 2039 1668 2068 va-

60 2097 174 2142 lebit
198 2096 464 2159 prudentia.

125 2228 183 2274 X.
211 2227 306 2273 Sed
330 2243 387 2272 ne
413 2227 515 2288 quis
540 2227 598 2272 sit
623 2227 893 2283 admiratus,
922 2245 1016 2283 cur,
1046 2246 1152 2275 cum
1187 2229 1306 2274 inter
1338 2246 1497 2275 omnes
1524 2230 1672 2291 philo-

60 2303 233 2365 sophos
259 2308 454 2357 constet,
482 2318 509 2347 a
534 2318 703 2365 meque
728 2303 831 2365 ipso
858 2320 984 2366 saepe
1010 2304 1306 2367 disputatum
1333 2305 1405 2358 sit,
1427 2304 1505 2367 qui
1532 2320 1672 2351 unam

59 2378 267 2432 haberet,
286 2393 449 2423 omnes
473 2377 649 2424 habere
666 2378 877 2433 virtutes,
896 2395 1018 2425 nunc
1039 2379 1104 2424 ita
1130 2379 1390 2442 sejungam,
1410 2380 1540 2441 quasi
1567 2396 1671 2442 pos*

61 2452 120 2498 sit
143 2452 404 2515 quisquam,
432 2452 511 2514 qui
534 2468 627 2498 non
652 2452 777 2498 idem
801 2453 1008 2515 prudens
1035 2453 1106 2508 sit,
1130 2454 1287 2516 justus
1318 2470 1418 2500 esse
1440 2470 1448 2500 t
1488 2455 1575 2503 alia
1602 2465 1672 2501 est

61 2527 151 2582 illa,
178 2543 286 2573 cum
310 2527 479 2573 veritas
504 2527 606 2589 ipsa
630 2527 820 2573 limatur
842 2527 889 2573 in
913 2528 1245 2591 disputatione,
1273 2530 1532 2583 subtilitas;
1570 2530 1671 2585 alia,
1701 2535 1724 2580 2

62 2618 169 2648 cum
195 2602 255 2648 ad
280 2602 543 2664 opinionem
569 2618 868 2649 communem
905 2603 1054 2649 omnis
1091 2604 1475 2650 accommodatur
1511 2604 1670 2650 oratio.

62 2676 216 2732 Quam
241 2676 301 2722 ob
325 2692 439 2730 rem,
466 2681 521 2722 ut
544 2676 732 2740 vulgus,
758 2676 823 2723 ita
845 2693 931 2724 nos
955 2678 1046 2724 1100
1081 2678 1186 2724 1000
1211 2678 1457 2740 loquimur,
1489 2685 1537 2724 ut
1561 2679 1673 2724 alios
1701 2684 1725 2723 3

63 2751 220 2805 fortes,
240 2749 354 2796 alios
373 2750 494 2796 viros
515 2751 676 2806 bonos,
697 2751 810 2797 alios
835 2752 1094 2814 prudentes
1114 2768 1215 2799 esse
1241 2752 1467 2799 dicamus.
1520 2753 1677 2815 Popu-
1701 2758 1723 2801 4

64 2825 237 2873 laribus
275 2825 398 2871 enim
421 2825 575 2871 verbis
610 2831 682 2872 est
717 2827 970 2890 agendum,
1000 2833 1047 2873 ct
1070 2827 1267 2882 usitatis,
1295 2844 1403 2873 cum
1428 2827 1675 2890 loquamur

63 2898 122 2945 de
145 2899 360 2962 opinione
386 2899 617 2962 populari,
638 2900 779 2962 idque
799 2901 966 2948 eodem
985 2902 1128 2948 modo
1149 2902 1259 2951 fecit
1277 2901 1529 2951 Panaetius.
1580 2901 1673 2953 Sed

65 2973 125 3019 ud
149 2974 443 3037 propositum
466 2980 772 3023 revertamur.

130 3083 244 3131 Erat
283 3084 429 3148 igitur
469 3100 527 3130 ex
567 3084 730 3139 tribus,
775 3087 981 3148 quae‘ad
1018 3087 1212 3149 gloriam
1252 3086 1546 3147 pertinerent,
1585 3085 1674 3132 hoc
1700 3091 1728 3136 5

590 3155 614 3192 4
