2054 3470
651 292 790 321 LIBER
815 292 865 321 11.
939 292 1045 321 CAi’.
1075 292 1184 320 xxxi.
1703 278 1756 320 81

75 402 481 464 congregabantur
517 399 740 453 homines,
768 406 923 444 tamen
947 415 1031 461 spe
1056 398 1283 445 custodiae
1310 414 1465 444 rerum
1489 412 1678 443 suarum

76 477 258 522 urbium
297 475 516 539 praesidia
553 475 844 536 quaerebant.
916 474 1087 520 Danda
1123 473 1264 519 etiam
1300 488 1445 536 opera
1479 478 1565 525 est,
1603 487 1674 525 ne,
1708 476 1764 516 10

74 551 201 613 quod
239 551 366 613 apud
403 550 604 612 majores
638 556 822 595 nostros
859 564 989 611 saepe
1026 549 1182 602 fiebat,
1210 554 1403 610 propter
1436 546 1586 593 aerarii
1610 553 1676 591 te-

75 626 301 671 nuitatem
339 625 754 686 assiduitatemque
792 624 1037 678 bellorum,
1081 623 1310 669 tributum
1347 622 1405 668 sit
1440 622 1677 668 conferen-

75 701 203 754 dum,
230 700 370 762 idque
395 716 451 745 ne
487 699 681 753 eveniat,
719 699 868 744 multo
904 705 1012 744 ante
1049 699 1134 744 erit
1171 697 1527 761 providendum.
1599 696 1680 742 Sin
1711 700 1757 740 l]

75 792 182 838 quae
222 774 473 820 necessitas
512 774 654 837 hujus
690 774 893 819 muneris
929 774 1065 820 alicui
1099 773 1161 819 rei
1196 773 1398 836 publicae
1426 770 1679 825 obvenerit,
1709 780 1712 783 '

77 848 221 914 (malo
246 850 381 904 enim,
408 866 550 912 quam
583 855 756 896 nostrae
797 849 1016 903 ominai·i;
1052 864 1204 911 neque
1241 854 1399 894 tamen
1424 847 1482 894 de
1507 851 1679 899 nostra,

76 926 159 972 sed
185 926 243 971 de
269 925 393 972 omni
417 942 467 972 re
492 926 680 988 publica
705 924 915 989 disputo)
944 924 1101 990 danda
1136 924 1224 970 erit
1258 940 1415 987 opera,
1442 929 1496 969 ut
1521 937 1682 969 omnes

78 1001 350 1064 intelligant.
393 1000 430 1046 si
471 1000 586 1046 salvi
627 1016 729 1046 esse
769 1000 926 1054 velint,
963 999 1230 1046 necessitati
1264 1015 1367 1046 esse
1399 998 1678 1062 parendum.
1713 1002 1770 1045 12

82 1078 240 1137 Atque
265 1076 405 1122 etiam
431 1091 603 1130 omneS‚
631 1072 710 1138 qui
734 1091 832 1121 rem
869 1075 1106 1138 publicam
1142 1075 1490 1138 gubernabunt,
1518 1090 1684 1120 consu-

79 1151 172 1196 lere
198 1150 452 1204 debebunt,
480 1156 534 1196 ut
559 1165 719 1195 earum
755 1166 911 1195 rerum
949 1150 1082 1211 copia
1106 1150 1178 1198 sit,
1207 1166 1312 1212 quae
1340 1155 1449 1195 sunt
1473 1165 1684 1196 necessa·
1713 1156 1770 1196 13

78 1226 173 1272 riae.
245 1226 455 1280 Quarum
491 1225 639 1286 qualis
677 1225 964 1287 comparatio
1001 1225 1097 1271 fieri
1133 1225 1281 1270 soleat
1306 1230 1353 1270 et
1379 1225 1566 1279 debeat,
1592 1241 1687 1271 non

79 1307 150 1348 est
174 1316 363 1346 necesse
389 1300 657 1362 disputare:
697 1306 768 1345 est
806 1299 926 1344 enim
962 1299 1006 1344 in
1044 1306 1299 1362 promptu;
1338 1306 1521 1344 tantum
1555 1301 1687 1346 locus

79 1375 382 1439 attingendus
407 1375 509 1420 fuit.

148 1451 306 1513 Caput
343 1456 503 1496 autem
538 1456 609 1496 est
644 1450 690 1495 in
726 1450 850 1495 omni
887 1449 1211 1512 procuratione
1250 1450 1422 1512 negotii
1448 1456 1494 1496 et
1527 1466 1687 1496 mune·
1722 1454 1774 1496 14

81 1526 140 1571 ris
167 1524 354 1588 publici,
380 1531 434 1570 ut
457 1525 665 1571 avaritiae
693 1525 896 1587 pellatur
922 1525 1061 1570 etiam
1086 1524 1275 1570 minima
1301 1525 1516 1587 suspicio.
1589 1525 1639 1572 U
1635 1526 1687 1570 ti-
1721 1530 1774 1572 15

82 1617 202 1655 nam,
230 1600 380 1662 inquit
406 1601 459 1646 O.
484 1600 682 1646 Pontius
720 1600 919 1655 Samnis,
947 1600 1008 1645 ad
1032 1601 1119 1645 illa
1158 1608 1357 1659 tempora
1394 1617 1463 1646 me
1486 1602 1690 1661 fortuna

82 1682 362 1730 reservasset,
388 1682 429 1721 et
455 1682 553 1721 tum
577 1691 711 1721 essem
739 1682 892 1729 natus,
921 1676 1105 1735 quando
1129 1676 1333 1721 Romani
1357 1678 1476 1722 dona
1500 1677 1693 1736 accipere

82 1750 346 1812 coepissent!
383 1767 474 1797 non
511 1767 647 1796 essem
677 1767 848 1811 passus
882 1751 1063 1796 (liutius
1099 1767 1168 1796 eos
1203 1752 1439 1811 imperare.
1510 1752 1601 1798 Nae
1628 1751 1690 1797 illi

82 1828 233 1873 multa
270 1827 448 1873 saecula
486 1826 779 1889 expectanda
814 1826 1034 1872 fuerunt:
1072 1826 1214 1872 modo
1251 1827 1372 1872 enim
1398 1827 1486 1873 hoc
1513 1827 1690 1872 malum
1721 1831 1776 1872 16

84 1903 126 1948 in
153 1903 272 1949 hanc
296 1918 395 1947 rem
421 1901 658 1964 publicam
682 1901 860 1947 invasit.
933 1902 1101 1963 Itaque
1126 1902 1261 1948 facile
1288 1901 1452 1964 patior,
1480 1907 1582 1967 tum
1609 1918 1691 1964 po-

86 1978 177 2023 tius
217 1977 440 2023 Pontium
479 1976 637 2030 fuisse,
680 1975 909 2037 siquidem
950 1976 996 2021 in
1036 1977 1114 2021 illo
1154 1983 1339 2022 tantum
1376 1977 1464 2022 fuit
1498 1977 1690 2023 roboris.

87 2052 311 2099 Nondum
336 2056 523 2097 centum
550 2057 598 2096 et
623 2050 785 2097 decem
822 2051 928 2097 anni
963 2058 1084 2105 sunt,
1113 2068 1220 2096 cum
1247 2052 1305 2097 de
1331 2051 1537 2113 pecuniis
1561 2067 1693 2114 repe-
1724 2051 1778 2096 17

89 2127 244 2173 tundis
268 2142 295 2171 a
319 2126 371 2172 L.
398 2126 568 2171 Pisone
593 2126 689 2171 lata
713 2125 789 2171 lex
814 2132 899 2180 est,
926 2127 1055 2172 nulla
1079 2133 1217 2171 antea
1244 2143 1352 2173 cum
1375 2126 1553 2172 fuisset.
1625 2127 1695 2172 At

89 2218 198 2248 vero
237 2207 401 2264 postea
439 2206 510 2246 tot
544 2201 687 2264 leges,
716 2207 763 2246 et
788 2201 1011 2263 proximae
1039 2217 1242 2264 quaeque
1268 2201 1491 2256 duriores,
1518 2207 1590 2248 tot
1614 2201 1691 2256 rei,

91 2283 159 2323 tot
179 2276 400 2330 damnati,
417 2282 604 2323 tantum
630 2275 849 2321 Italicum
873 2276 1050 2323 bellum
1077 2283 1271 2339 propter
1291 2276 1574 2339 judiciorum
1599 2292 1696 2322 me-

92 2358 191 2398 tum
230 2351 502 2406 excitatum,
530 2356 673 2405 tanta,
709 2350 905 2397 sublatis
944 2351 1126 2414 legibus
1163 2357 1210 2397 et
1240 2351 1440 2415 judiciis,
1479 2352 1698 2414 expilatio

93 2426 385 2489 direptioque
423 2425 669 2480 sociorum,
706 2432 761 2472 ut
801 2426 1117 2472 imbecillitate
1156 2427 1365 2481 aliorum,
1406 2443 1497 2472 non
1539 2433 1699 2472 nostra

95 2502 262 2548 virtute
286 2514 541 2548 valeamus,

160 2653 315 2698 XXII.
352 2651 540 2698 Laudat
557 2653 834 2699 Africanum
858 2652 1113 2707 Panaetius,
1133 2652 1259 2715 quod
1285 2652 1424 2698 fuerit
1449 2653 1698 2698 abstinens.

98 2727 270 2782 Quidni
302 2727 505 2773 laudet?
542 2727 625 2774 sed
660 2728 706 2773 in
740 2728 818 2774 illo
856 2728 944 2774 alia
981 2728 1175 2791 majora.
1245 2728 1371 2773 Laus
1410 2727 1702 2773 abstinentiae

101 2819 191 2848 non
214 2801 411 2847 hominis
437 2808 508 2847 est
533 2803 698 2857 solum,
728 2803 812 2849 sed
838 2803 978 2849 etiam
1002 2809 1269 2865 temporum
1292 2803 1492 2848 illorum.
1565 2801 1704 2847 Omni
1732 2807 1752 2846 2

103 2876 413 2923 Macedonum
437 2892 566 2939 gaza,
593 2893 700 2938 quae
727 2877 814 2923 suit
838 2878 1054 2932 maxima,
1084 2877 1262 2940 potitus
1297 2877 1494 2923 Paullus
1520 2882 1701 2920 tantum

101 2951 145 2998 in
186 2951 400 2996 aerarium
444 2951 655 3012 pecuniae
695 2951 883 3006 invexit,
927 2959 981 2998 ut
1021 2953 1157 2999 unius
1200 2951 1496 3015 imperatoris
1539 2949 1702 3013 praeda

104 3026 240 3072 finem
264 3026 474 3072 attulerit
498 3025 778 3072 tributorum
800 3042 809 3072 :
846 3033 895 3072 at
919 3027 993 3073 hic
1017 3027 1130 3073 nihil
1166 3028 1359 3073 domum
1394 3041 1526 3071 suam
1552 3024 1706 3070 mtulit

105 3106 275 3164 praeter
309 3099 581 3145 memoriam
619 3101 815 3146 nominis
855 3101 1198 3164 sempiternam.
1270 3100 1487 3146 Imitatus
1525 3105 1704 3162 patrem
1733 3105 1757 3143 3
