2054 3470
230 187 315 229 1⁴22
918 199 978 228 DE
1006 199 1216 229 officiis

309 308 692 371 suppeditantem
725 307 1008 370 x'oluptateS,
1044 307 1360 371 depellentem
1395 307 1594 354 dolores.
1666 307 1914 354 Fortituch-

307 399 415 429 nem
440 399 627 446 quoque
653 382 808 444 aliquo
839 382 984 428 modo
1017 383 1287 446 expediunt,
1316 399 1424 429 cum
1460 383 1670 438 tradunt,
1695 383 1919 429 rationem

228 463 280 504 13
309 459 610 522 negligendae
651 458 815 503 mortis
859 457 1247 520 perpetiendique
1289 458 1475 505 (1010115.
1545 458 1700 504 Etiam
1742 464 1920 521 tempe-

308 534 506 580 rantiam
542 533 786 587 inducunt,
813 549 906 578 non
942 532 1159 579 facillime
1184 533 1248 579 illi
1273 533 1478 595 quidem,
1505 533 1588 578 sed
1624 539 1783 579 tamen
1807 549 1921 595 quo-

308 625 402 671 quo
427 609 568 655 modo
603 614 814 671 possunt.
886 608 1062 654 Dicunt
1098 608 1234 663 enim,
1260 608 1516 670 voluptatis
1551 607 1921 671 magnitudinem

310 684 483 730 doloris
510 684 799 730 detractione
836 683 966 730 finiri.
1036 683 1066 730 J
1073 683 1229 729 ustitia
1252 683 1455 738 vacillat,
1481 683 1555 729 vel
1586 683 1716 746 jacet
1751 683 1921 746 potius,

309 775 564 822 omnesque
607 776 675 806 eae
714 759 927 812 virtutes,
972 775 1078 820 quae
1119 759 1163 804 in
1206 758 1540 804 communitate
1582 764 1837 804 cernuntur
1876 764 1921 804 et

228 838 238 880 1
266 839 275 878 1
310 834 353 880 in
379 835 603 881 societate
638 834 821 897 generis
855 834 1060 880 humani.
1132 834 1300 895 Neque
1327 833 1448 879 enim
1474 833 1672 888 bonitaS,
1700 850 1784 879 nec
1810 834 1922 880 libe-

308 910 480 964 ralitas,
519 926 604 956 nec
648 910 843 955 comitas
886 925 987 955 esse
1029 914 1200 971 potest,
1244 925 1338 953 non
1379 908 1486 971 plus
1522 924 1664 970 quam
1705 908 1921 962 amicitia,

308 985 345 1030 51
383 986 490 1031 haec
525 1001 618 1030 non
654 1001 739 1047 per
774 1000 823 1030 se
860 989 1157 1046 expetantur,
1196 983 1280 1029 sed
1324 983 1384 1028 ad
1421 984 1715 1046 voluptatem
1751 983 1922 1029 utilita-

229 1065 280 1107 15
309 1066 464 1106 temve
505 1060 783 1108 referantur.
855 1059 1165 1106 Conferamus
1207 1058 1350 1122 igitur
1390 1058 1436 1104 in
1473 1075 1639 1121 pauca.
1711 1059 1837 1105 Nam
1871 1065 1924 1105 ut

309 1135 560 1181 utilitatem
594 1135 773 1181 nullam
808 1150 909 1181 esse
946 1134 1207 1188 docuimus,
1245 1150 1352 1196 quae
1386 1134 1622 1180 honestati
1657 1140 1780 1180 esset
1816 1150 1923 1181 con-

310 1210 464 1264 traria,
504 1210 569 1256 sic
614 1226 800 1256 omnem
836 1210 1131 1272 voluptatem
1168 1209 1365 1255 dicimus
1401 1209 1640 1255 honestati
1675 1225 1777 1255 esse
1814 1225 1923 1256 con·

227 1291 280 1332 16
309 1286 512 1332 trariam.
587 1286 692 1341 Quo
718 1285 871 1348 magis
895 1284 1308 1348 reprehendendos
1336 1285 1662 1348 Calliphonem
1697 1291 1744 1331 et
1780 1285 1923 1331 Dino·

309 1363 530 1408 maehum
568 1361 744 1424 judico,
789 1361 868 1423 qui
909 1376 959 1406 se
1002 1360 1321 1422 dirempturos
1369 1360 1733 1406 controversiam
1780 1366 1917 1423 puta-

308 1442 491 1492 verunt,
519 1436 556 1482 si
590 1453 697 1482 cum
721 1437 969 1482 honestate
999 1435 1306 1497 voluptatem,
1335 1441 1577 1498 tamquam
1605 1453 1711 1482 cum
1736 1436 1922 1482 homine

223 1514 279 1560 17
307 1513 554 1576 pecudem,
591 1511 951 1574 copulavissent.
1024 1511 1132 1556 Non
1168 1510 1335 1573 recipit
1369 1510 1508 1556 istam
1544 1511 1921 1574 conjunctionem

305 1590 559 1642 honestas;
596 1592 888 1650 aspernatur,
915 1586 1114 1649 repellit.
1186 1585 1288 1631 Nec
1313 1602 1424 1632 vero
1461 1586 1562 1632 finis
1596 1587 1826 1633 bonorum
1855 1585 1923 1650 [et

305 1661 575 1727 malorum],
619 1662 700 1725 qui
741 1662 940 1725 simplex
982 1677 1084 1707 esse
1127 1661 1284 1716 debet,
1323 1677 1380 1707 ex
1422 1661 1738 1708 dissimillimis
1780 1662 1921 1708 rebus

222 1746 279 1786 18
305 1739 490 1786 misceri
531 1744 579 1784 et
618 1737 874 1800 temperari
922 1742 1094 1799 potest.
1167 1735 1264 1782 Sed
1313 1736 1373 1782 de
1420 1737 1511 1783 hoc
1560 1738 1751 1801 (magna
1798 1737 1920 1783 enim

221 1821 278 1861 19
304 1831 378 1861 res
408 1813 499 1878 est)
527 1814 617 1860 alio
651 1813 755 1859 loco
789 1813 1017 1876 pluribus.
1088 1811 1228 1857 Nunc
1264 1811 1325 1857 ad
1361 1812 1673 1875 propositum.
1747 1812 1918 1867 Quem-

303 1889 563 1936 admodum
603 1889 759 1952 igitur,
805 1888 842 1934 si
883 1888 1073 1950 quando
1116 1903 1184 1940 ea,
1230 1903 1337 1949 quae
1380 1887 1567 1933 videtur
1606 1887 1798 1941 utilitas,
1836 1887 1918 1932 ho-

303 1965 474 2011 nestati
519 1970 772 2027 repugnat,
811 1963 1115 2026 dijudicanda
1160 1981 1234 2010 res
1283 1963 1356 2017 sit,
1395 1963 1506 2009 satis
1542 1968 1614 2008 est
1649 1978 1792 2024 supra
1828 1962 1918 2008 dis-

184 2052 188 2054 “
218 2046 277 2087 20
305 2046 539 2104 putatum.
612 2039 694 2085 Sin
729 2045 888 2085 autem
924 2039 1129 2101 speciem
1165 2039 1377 2085 utilitatis
1413 2038 1555 2084 etiam
1579 2037 1800 2100 voluptas
1835 2037 1918 2082 ha-

303 2118 413 2163 bere
439 2116 634 2169 dicetur,
660 2115 790 2160 nulla
826 2119 988 2177 potest
1023 2130 1125 2160 esse
1159 2115 1200 2161 ei
1233 2131 1340 2161 cum
1364 2114 1611 2160 honestate
1638 2112 1915 2175 conjunctio.

218 2198 274 2238 21
305 2192 429 2238 Nam
470 2197 525 2237 ut
567 2190 831 2236 tribuamus
879 2189 1056 2251 aliquid
1098 2189 1344 2251 voluptati,
1389 2188 1672 2235 condimenti
1718 2189 1918 2234 fortasse

302 2266 525 2321 nonnihil,
551 2264 763 2310 utilitatis
791 2270 916 2310 certe
941 2265 1056 2310 nihil
1082 2264 1287 2311 habebit.

219 2424 276 2463 92
371 2417 534 2463 Habes
570 2432 597 2461 a
633 2421 767 2479 patre
803 2431 989 2468 munuS,
1019 2415 1177 2460 Marce
1214 2415 1289 2469 fili,
1316 2429 1423 2459 mea
1456 2413 1648 2475 quidem
1684 2413 1916 2459 sententia

304 2507 564 2556 magnum3
612 2491 696 2537 sed
738 2490 931 2553 perinde
973 2490 1071 2544 erit,
1110 2496 1164 2536 ut
1206 2489 1456 2551 acceperis,
1528 2488 1827 2550 Quamquam
1868 2488 1915 2534 hi

303 2568 386 2614 tibi
427 2573 522 2613 tres
564 2567 668 2613 libri
708 2566 829 2612 inter
872 2565 1087 2626 Cratippi
1129 2563 1488 2611 commentarios
1525 2568 1768 2625 tamquam
1807 2563 1915 2610 hos-

219 2648 276 2688 23
305 2643 424 2705 pites
466 2647 603 2688 erunt
637 2641 905 2704 recipiendi.
976 2639 1073 2685 Sed
1108 2645 1174 2693 ut,
1214 2639 1250 2684 si
1287 2639 1386 2701 ipse
1422 2638 1653 2684 venissem
1677 2638 1912 2692 Athenas,

307 2716 456 2779 (quod
493 2717 683 2778 quidem
722 2722 846 2762 esset
887 2715 1080 2769 factum,
1124 2714 1210 2759 nisi
1250 2729 1325 2759 me
1362 2728 1386 2758 e
1423 2712 1578 2758 medio
1615 2729 1755 2758 cursu
1790 2712 1914 2758 clara

304 2808 419 2838 voce
456 2791 608 2853 patria
641 2788 943 2853 revocasset,)
972 2789 1223 2850 aliquando
1260 2804 1334 2834 me
1361 2803 1547 2850 quoque
1580 2787 1795 2832 audires:
1834 2787 1912 2841 sic,

304 2866 522 2928 quoniam
546 2865 618 2911 his
643 2865 955 2911 voluminibus
981 2864 1040 2909 ad
1067 2870 1113 2909 te
1140 2864 1352 2925 profecta
1376 2879 1467 2908 vox
1493 2868 1564 2907 est
1589 2877 1708 2916 mea,
1734 2861 1911 2907 tribues

303 2943 374 2987 his
422 2940 648 3002 temporis
696 2945 925 3001 quantum
973 2938 1181 3000 poteris:
1237 2938 1411 3000 poteris
1459 2943 1632 2990 autem,
1682 2942 1910 2999 quantum

219 3020 274 3062 21
305 3016 445 3062 voleS.
519 3015 639 3061 Cum
679 3030 788 3059 vero
824 3014 1110 3067 intellexere,
1138 3019 1184 3058 tc
1220 3014 1310 3058 hoc
1347 3012 1550 3058 scientim
1588 3027 1758 3074 genere
1795 3026 1906 3075 gau-
