2054 3470
281 240 335 279 εἶτ]
834 271 837 273 .
980 250 1039 278 [ηε
1067 249 1276 279 OFHCHS

364 359 509 404 mines
549 359 803 422 plurimum
843 357 1109 403 hominibus
1144 362 1191 403 et
1227 364 1404 419 prosmt
1435 362 1482 402 et
1507 355 1689 401 obsint:
1729 354 1968 417 proprium

363 433 452 479 hoc
477 439 634 479 statuo
659 449 761 479 esse
786 433 960 478 virtu
977 431 1023 478 ti
1040 447 1060 477 s
1095 432 1338 479 conciliare
1370 431 1550 477 animos
1574 430 1815 475 hominum
1841 434 1887 475 et
1912 428 1970 474 ad

310 513 335 553 6
362 525 475 554 usus
512 524 621 554 suos
657 507 932 570 adjungere.
979 504 1192 568 ‘Itaque,
1219 523 1326 569 quae
1352 506 1399 552 in
1430 506 1571 551 rebus
1595 504 1819 558 inanimis,
1846 518 1971 565 quae-

363 599 454 645 que
479 582 525 629 in
549 600 641 629 usu
659 588 707 629 et
730 582 1008 628 tractatione
1033 582 1280 628 beluarum
1306 581 1423 627 fiunt
1446 580 1622 626 utiliter
1645 579 1707 624 ad
1730 578 1971 624 hominum

363 657 523 712 vitam,
552 658 732 704 artibus
768 673 823 704 ea
855 656 1127 703 tribuuntur
1151 656 1387 719 operosis3
1422 655 1666 701 hominum
1692 659 1851 700 autem
1874 658 1973 698 stu-

362 733 438 779 dia
462 733 525 779 ad
548 732 957 796 amplificationem
987 738 1253 777 nostrarum
1285 747 1442 777 rerum
1469 736 1689 793 prompta
1714 744 1766 774 ac
1793 733 1974 790 parata,

312 809 334 854 7
366 808 567 854 virorum
592 807 917 870 praestantium
943 806 1171 869 sapientia
1195 812 1243 853 et
1266 806 1437 852 virtute
1462 805 1737 852 excitantur.
1786 802 1973 850 Etenim

362 883 509 929 virtus
548 883 698 929 omnis
734 883 886 929 tribus
923 882 969 928 in
1004 883 1144 928 rebus
1177 882 1274 927 fere
1301 881 1524 927 vertitur:
1563 895 1761 942 quarum
1786 894 1879 924 una
1903 882 1974 925 est

361 958 408 1003 in
445 957 784 1020 perspiciendo,
812 957 925 1019 quid
962 956 1007 1002 in
1032 971 1217 1018 quaque
1255 971 1305 1001 re
1343 971 1508 1002 verum
1541 955 1864 1016 sincerumque
1899 953 1973 1008 sit,

362 1033 474 1095 quid
499 1038 864 1079 consentaneum
890 1031 1070 1093 cuique,
1097 1030 1211 1093 quid
1237 1046 1541 1093 consequens,
1568 1045 1626 1075 ex
1650 1045 1744 1091 quo
1768 1028 1974 1091 quidque

311 1113 335 1154 ἓ
362 1107 599 1171 gignatur,
626 1123 734 1169 quae
761 1106 990 1169 cujusque
1015 1105 1080 1152 rei
1105 1122 1246 1151 causa
1271 1105 1357 1160 sit;
1395 1106 1609 1160 alterum,
1633 1104 1850 1150 cohibere
1874 1119 1972 1149 mo-

365 1188 439 1228 tus
475 1181 613 1228 animi
648 1182 876 1235 turbatOS,
914 1197 1031 1243 quos
1071 1181 1231 1227 Graeci
1264 1180 1390 1235 πάὲη
1427 1180 1682 1234 nominant,
1725 1178 1971 1241 appetitio—

364 1273 555 1320 nesque,
588 1273 704 1319 quas
736 1257 801 1304 illi
835 1256 984 1320 ὁζμάς,
1010 1256 1283 1302 obedientes
1319 1256 1501 1302 efficere
1536 1254 1730 1308 rationi;
1768 1253 1971 1308 tertium,

363 1333 429 1388 iis,
456 1333 739 1395 quibuscum
776 1348 1132 1395 congregamur,
1159 1331 1229 1378 uti
1261 1331 1503 1377 moderate
1539 1335 1587 1376 et
1622 1329 1833 1383 scienter,
1859 1344 1973 1391 quo-

362 1425 469 1454 rum
507 1408 672 1454 studiis
711 1423 780 1462 ea,
815 1422 920 1469 quae
952 1413 1120 1452 natura
1149 1406 1399 1460 desiderat,
1427 1406 1616 1468 expleta
1641 1405 1974 1466 cumulataque

365 1483 640 1537 habeamus,
667 1498 753 1545 per
787 1482 1088 1544 eosdemque,
1116 1481 1153 1527 si
1182 1481 1295 1544 quid
1330 1481 1614 1544 importetur
1643 1479 1774 1525 nobis
1799 1478 1972 1525 incom-

306 1590 312 1595 ·
363 1558 505 1613 modi,
533 1558 878 1620 propulsemus,
904 1556 1278 1619 ulciscamurque
1305 1572 1397 1611 eos,
1425 1555 1505 1618 qui
1539 1570 1707 1601 nocere
1738 1554 1871 1601 nobis
1897 1570 1972 1600 co-

364 1633 461 1680 nati
495 1638 618 1688 sunt,
655 1638 880 1695 tantaque
918 1648 1061 1695 poena
1096 1632 1364 1685 afficiamus,
1393 1637 1617 1693 quantam
1654 1630 1850 1693 aequitas
1885 1630 1971 1675 hu-

366 1708 658 1770 manitasque
684 1707 873 1770 patitur.

430 1859 518 1905 VI.
546 1858 726 1914 Quibus
746 1864 905 1903 autem
930 1857 1187 1903 rationibus
1212 1857 1332 1903 hanc
1357 1857 1632 1903 facultatem
1657 1856 1842 1918 assequi
1867 1872 1972 1919 pos-

365 1934 523 1988 simus,
545 1938 598 1979 ut
621 1933 865 1978 hominum
890 1933 1046 1978 studia
1067 1932 1438 1994 complectamur
1457 1947 1605 1993 eaque
1630 1937 1888 1986 teneamus,
1906 1931 1972 1977 di-

348 2025 540 2069 cemus,
566 2023 718 2070 neque
743 2007 807 2053 ita
830 2008 980 2053 multo
1005 2013 1140 2069 post:
1178 2006 1262 2053 sed
1298 2022 1451 2069 pauca
1487 2012 1593 2051 ante
1627 2005 1825 2052 dicenda
1849 2012 1972 2052 sunt.

313 2090 338 2130 2
366 2084 590 2147 Magnam
612 2083 706 2128 vim
731 2098 832 2128 esse
856 2082 902 2128 in
937 2082 959 2128 f
971 2099 997 2128 o
1015 2099 1037 2127 r
1053 2088 1071 2128 t
1087 2098 1118 2128 u
1133 2098 1164 2127 n
1180 2097 1208 2127 a
1237 2081 1283 2127 in
1307 2087 1556 2143 utramque
1581 2086 1777 2143 partem,
1804 2080 1878 2126 vel
1902 2097 1971 2127 56-

314 2163 338 2205 3
367 2158 544 2205 cundas
564 2157 623 2203 ad
648 2173 737 2211 res,
758 2157 832 2203 vel
856 2157 1092 2211 adversaS,
1114 2156 1217 2218 quis
1242 2155 1464 2219 ignorat?
1513 2156 1639 2201 Nam
1663 2161 1710 2201 et
1736 2172 1842 2201 cum
1868 2171 1972 2218 pro-

366 2248 505 2295 spero
542 2232 658 2277 flatu
695 2232 797 2294 ejus
833 2231 1020 2285 utimur,
1049 2231 1110 2276 ad
1146 2231 1298 2285 exitus
1337 2230 1637 2293 pervehimur
1671 2236 1890 2292 optatos3
1926 2236 1968 2276 et

316 2311 341 2353 4
370 2323 476 2354 cum
500 2306 696 2360 reflavit,
718 2306 981 2369 affligimur.
1043 2306 1160 2351 Haec
1185 2304 1330 2367 igitur
1353 2304 1456 2366 ipsa
1479 2305 1668 2350 fortuna
1694 2310 1874 2350 ceteros
1899 2320 1973 2351 ca-

367 2398 447 2427 sus
478 2380 675 2427 rariores
710 2381 869 2434 habet,
897 2380 1100 2443 primum
1126 2380 1185 2426 ab
1209 2379 1421 2425 inanimis
1445 2379 1690 2441 procellas,
1717 2384 1971 2442 tempesta-

367 2462 452 2510 tes,
478 2455 736 2519 naufragia,
762 2455 933 2509 ruinas,
960 2453 1203 2500 incendia:
1242 2453 1411 2499 deinde
1447 2468 1475 2498 a
1506 2453 1665 2500 bestiis
1689 2453 1824 2509 ictus,
1849 2470 1972 2500 mor-

318 2539 341 2580 5
369 2547 462 2585 SUS,
489 2530 707 2593 impetus.
779 2529 901 2576 Heec
927 2545 1055 2592 ergo,
1077 2534 1130 2574 ut
1156 2528 1261 2582 dixi,
1288 2528 1474 2574 rariora.
1533 2527 1604 2573 At
1626 2543 1736 2574 vero
1760 2528 1973 2575 interitus

355 2606 673 2660 exercituum,
692 2610 746 2651 ut
771 2605 980 2668 proxime
1005 2605 1161 2658 trium,
1190 2619 1320 2666 saepe
1345 2603 1616 2658 multorum,
1643 2603 1802 2650 clades
1826 2602 1972 2666 impe·

369 2687 590 2734 ratorum,
629 2686 683 2726 ut
720 2695 873 2742 nuper
913 2679 1082 2725 summi
1119 2684 1167 2724 et
1204 2678 1448 2741 singularis
1487 2678 1584 2732 viri,
1626 2678 1810 2724 invidiae
1850 2694 1972 2740 prae-

368 2763 495 2801 terea
516 2754 837 2808 multitudinis,
858 2759 1000 2815 atque
1020 2754 1079 2799 ob
1105 2769 1183 2799 eas
1207 2753 1326 2799 bene
1351 2752 1624 2798 meritorum
1649 2768 1779 2814 saepe
1804 2752 1973 2799 civium

368 2829 677 2892 expulsiones,
704 2828 1006 2882 calamitates,
1034 2827 1193 2890 sugae;
1229 2842 1485 2888 rursusque
1524 2826 1744 2873 secundae
1774 2842 1864 2881 res,
1887 2826 1972 2872 ho-

370 2919 518 2957 nores,
545 2902 752 2965 imperia,
776 2902 995 2955 victoriae,
1018 2917 1303 2964 quamquam
1328 2901 1522 2947 fortuita
1546 2906 1669 2954 sunt,
1697 2907 1854 2946 tamen
1877 2900 1973 2946 sine

369 2979 610 3025 hominum
651 2977 817 3040 opibus
860 2982 906 3022 et
943 2976 1108 3022 studiis
1151 2982 1366 3022 neutram
1404 2975 1449 3022 in
1491 2981 1676 3039 partem
1712 2973 1830 3023 effici
1867 2990 1972 3038 pos-

369 3059 491 3100 eunt.
