2054 3470
256 199 341 241 108
818 258 821 261 ,
942 214 1002 242 DE
1041 214 1253 244 oFFioirs

280 322 306 363 4
335 319 413 381 qui
438 319 709 375 admiratur,
737 321 773 366 is
799 337 862 375 se,
890 321 1003 384 quid
1028 321 1087 367 sit
1110 322 1179 368 vir
1204 322 1368 376 bonus,
1396 322 1572 370 nescire
1597 324 1815 372 fateatur.
1875 326 1937 372 Ax

332 411 444 441 vero
479 395 517 441 si
541 395 643 457 quis
668 396 866 442 voluerit
902 397 1040 443 animi
1074 396 1146 443 sui
1181 398 1511 460 complicatam
1544 399 1783 447 notionem
1818 400 1941 448 evol·

331 485 453 524 vere,
475 470 575 533 jam
612 486 661 516 se
695 471 796 533 ipse
822 471 1004 526 doceat,
1031 488 1140 519 eum
1176 473 1327 519 virum
1364 474 1541 520 bonum
1577 490 1694 530 esse,
1723 475 1802 539 qui
1837 493 1937 540 pro-

332 544 404 598 sit,
447 545 615 607 quibus
657 546 804 608 possit
825 562 835 600 ;
888 553 1057 593 noceat
1102 547 1288 602 nemini,
1332 548 1419 595 nisi
1464 549 1712 596 lacessitus
1760 550 1942 614 injuria,

276 626 302 666 5
332 619 456 675 Quid
482 621 637 683 ergo?
675 620 749 667 hic
778 638 872 667 non
903 627 1084 677 noceat,
1111 623 1189 685 qui
1216 623 1422 686 quodam
1447 624 1581 686 quasi
1604 640 1783 672 veneno
1808 627 1943 689 perfi-

330 695 434 750 ciat,
456 703 509 742 ut
531 712 664 742 veros
689 696 889 743 heredes
914 704 1113 752 moveat,
1134 698 1179 744 in
1204 714 1365 744 eorum
1389 698 1546 744 locum
1569 699 1670 762 ipse
1690 700 1942 748 succedat?

275 775 301 816 6
329 770 438 816 Non
461 770 603 835 igitur
627 772 780 826 faciat,
803 771 971 818 dixerit
995 772 1111 834 quis,
1139 773 1266 835 quod
1291 773 1404 819 utile
1431 773 1503 828 sit,
1532 774 1660 836 quod
1687 775 1907 838 expediat
1923 778 1932 794 ‘

329 846 482 891 Immo
518 846 761 910 intelligat,
788 847 901 893 nihil
926 863 1011 893 nec
1038 848 1274 909 expedire,
1300 864 1386 895 nec
1422 849 1536 894 utile
1574 865 1690 904 esse,
1718 850 1845 912 quod
1883 851 1936 896 sit

328 921 570 984 injustum.
642 922 747 968 Hoc
784 922 863 985 qui
902 938 996 968 non
1032 922 1260 977 didicerit,
1305 923 1457 969 bonus
1492 923 1561 970 vir
1597 940 1698 970 6556
1733 941 1827 971 non
1863 942 1940 988 po-

276 999 299 1041 7
328 995 448 1042 terit.
519 996 775 1042 Fimbriam
800 997 1095 1043 consularem
1119 997 1371 1044 audiebam
1395 998 1454 1045 de
1479 1004 1613 1061 patre
1636 1005 1797 1047 nostro
1823 1018 1942 1063 puer

322 1070 533 1133 judicem
568 1070 632 1117 M.
660 1071 850 1117 Lutatio
883 1072 1087 1118 Pinthiae
1113 1072 1270 1128 fuisse,
1298 1073 1443 1136 equiti
1479 1075 1695 1121 Romano
1721 1091 1831 1122 sane
1857 1076 1936 1122 ho-

327 1151 475 1200 nesto,
505 1162 614 1192 cum
638 1146 675 1192 is
701 1147 1000 1209 sponsionem
1024 1147 1225 1202 fecisset,
1263 1165 1326 1194 NI
1360 1165 1462 1195 vm
1496 1165 1524 1194 B
1541 1165 1691 1196 onus
1728 1166 1935 1206 Ε55ΕΤ;

326 1221 483 1283 itaque
510 1221 549 1267 ei
575 1221 744 1267 dixisse
769 1222 1037 1277 Fimbriam,
1066 1238 1115 1268 se
1147 1223 1276 1269 illam
1310 1239 1410 1270 rem
1441 1240 1682 1287 nunquam
1702 1225 1940 1288 judicatu-

326 1312 461 1351 rum;
498 1313 556 1342 ne
591 1302 674 1342 aut
713 1297 935 1359 spoliaret
970 1297 1098 1344 fama
1134 1298 1389 1361 probatum
1425 1299 1679 1355 hominem,
1706 1300 1743 1346 si
1778 1307 1942 1347 contra

322 1371 661 1434 judicavisset;
700 1378 783 1417 aut
819 1372 1037 1419 statuisse
1062 1373 1315 1428 videretur,
1343 1374 1495 1420 virum
1526 1374 1704 1421 bonum
1738 1391 1840 1422 esse
1864 1376 1940 1422 ali-

326 1463 479 1509 quem,
508 1463 616 1493 cum
653 1462 708 1492 ea
743 1463 816 1493 res
850 1447 1265 1495 innumerabilibus
1292 1449 1451 1495 officiis
1476 1455 1524 1495 et
1547 1449 1768 1496 laudibus
1796 1452 1939 1497 conti·

273 1528 298 1568 8
327 1528 528 1569 meretur.
601 1522 724 1569 Huic
765 1522 909 1586 igitur
943 1523 1039 1569 viro
1075 1524 1213 1578 bono,
1241 1539 1382 1586 quem
1417 1524 1624 1571 Fimbria
1660 1524 1818 1580 etiam,
1846 1542 1940 1572 non

324 1597 468 1644 modo
494 1597 713 1644 Socrates
746 1604 955 1653 noverat,
982 1599 1112 1645 nullo
1147 1599 1291 1645 modo
1318 1599 1465 1645 videri
1503 1604 1661 1662 potest
1686 1600 1942 1663 quicquam

272 1678 298 1720 9
327 1689 428 1719 esse
453 1673 581 1728 utile,
599 1673 726 1736 quod
751 1690 842 1719 non
868 1674 1121 1720 honestum
1147 1674 1218 1720 sit.
1273 1675 1443 1736 Itaque
1468 1675 1574 1720 talis
1593 1675 1662 1720 vir
1685 1691 1778 1721 non
1801 1675 1942 1722 modo

324 1749 493 1802 facere,
522 1748 605 1795 sed
631 1765 689 1794 ne
716 1749 926 1812 cogitare
952 1749 1143 1812 quidem
1168 1749 1419 1812 quicquam
1452 1749 1661 1805 audebit,
1689 1750 1817 1812 quod
1851 1766 1942 1796 non

246 1829 298 1870 10
326 1823 499 1869 audeat
524 1824 802 1886 praedicare.
863 1824 985 1871 Haec
1005 1841 1098 1870 non
1121 1830 1262 1887 turpe
1288 1830 1359 1870 est
1379 1824 1595 1871 dubitare
1621 1825 1940 1888 philosophos,

326 1916 433 1962 quae
477 1916 535 1946 ne
572 1900 732 1946 rustici
768 1900 959 1963 quidem
1000 1900 1259 1947 dubitent?
1302 1916 1329 1946 a
1365 1901 1535 1963 quibus
1571 1907 1736 1948 natum
1773 1907 1845 1948 est
1878 1902 1941 1956 id,

326 1974 453 2037 quod
491 1975 590 2038 jam
630 1975 883 2021 contritum
918 1981 990 2021 est
1028 1981 1263 2022 vetustate
1300 1975 1632 2039 proverbium:
1677 1993 1785 2023 cum
1822 1976 1941 2024 enim

325 2050 469 2097 fidem
504 2051 703 2114 alicujus
739 2051 1095 2114 bonitatemque
1130 2051 1342 2106 laudant,
1380 2051 1577 2114 dignum
1620 2066 1722 2098 esse
1764 2051 1940 2106 dicunt,

247 2131 297 2172 11
327 2126 518 2188 quicum
543 2126 590 2172 in
614 2126 819 2173 tenebris
844 2126 1001 2172 mices.
1074 2126 1179 2173 Hoc
1205 2142 1346 2189 quam
1371 2126 1518 2172 habet
1542 2125 1651 2181 vim,
1679 2126 1767 2173 nisi
1797 2126 1939 2181 illam,

326 2201 439 2247 nihil
475 2201 711 2264 expedire,
739 2201 867 2264 quod
903 2217 997 2247 non
1033 2201 1213 2256 deceat,
1241 2201 1422 2247 etiamsi
1457 2201 1504 2247 id
1541 2201 1692 2264 possis
1715 2201 1845 2248 nullo
1869 2217 1940 2248 re-

249 2281 299 2322 12
327 2276 517 2322 fellente
552 2276 803 2323 obtinere?
872 2276 1095 2330 Videsne,
1122 2276 1213 2322 hoc
1251 2276 1498 2338 proverbio
1534 2292 1686 2339 neque
1715 2275 1845 2340 Gygi
1879 2275 1941 2322 illi

328 2367 467 2414 posse
502 2351 686 2397 veniam
712 2350 828 2413 dari,
863 2366 1015 2414 neque
1050 2350 1173 2406 huic,
1203 2367 1345 2413 quem
1381 2351 1525 2413 paulo
1561 2357 1669 2397 ante
1704 2350 1941 2414 fingebam

329 2427 586 2491 digitorum
614 2428 913 2491 percussione
937 2427 1223 2474 hereditates
1243 2427 1449 2474 omnium
1474 2443 1612 2490 posse
1633 2428 1940 2474 converrere?

328 2503 398 2550 Ut
433 2503 569 2558 enim,
597 2503 725 2566 quod
763 2508 902 2566 turpe
927 2508 1011 2558 est,
1039 2503 1087 2549 id
1120 2502 1335 2565 quamvis
1370 2502 1648 2557 occultetur,
1675 2508 1835 2548 tamen
1858 2502 1940 2548 ho-

327 2584 516 2624 nestum
542 2579 638 2624 fieri
662 2579 792 2624 nullo
813 2578 956 2625 modo
982 2583 1170 2641 potest:
1208 2578 1287 2632 sic,
1308 2577 1436 2640 quod
1461 2577 1714 2623 honestum
1737 2593 1828 2623 non
1854 2583 1939 2630 est,

328 2654 375 2700 id
411 2654 524 2700 utile
561 2660 615 2700 ut
651 2654 723 2709 sit,
759 2654 876 2700 effici
910 2669 1004 2700 non
1040 2658 1210 2716 potest,
1248 2652 1528 2698 adversante
1565 2657 1612 2698 et
1647 2658 1941 2715 repugnante

330 2734 513 2775 natura.

394 2879 498 2925 XX.
536 2878 607 2924 At
632 2880 767 2935 enim,
791 2896 898 2926 cum
924 2894 1182 2942 permagna
1207 2877 1405 2940 praemia
1429 2882 1551 2932 sunt,
1574 2882 1645 2923 est
1669 2891 1810 2922 causa
1834 2890 1936 2937 pec-

328 2954 480 3001 candi.
531 2954 582 3001 O.
606 2954 781 3001 Marius
801 2972 908 3001 cum
935 2970 961 2999 a
986 2969 1070 3016 spe
1090 2954 1359 3000 consulatus
1383 2953 1523 3016 longe
1549 2952 1750 3004 abesset,
1773 2956 1820 2996 et
1841 2950 1936 3012 jam

330 3028 585 3093 septimum
623 3045 797 3075 annum
836 3035 944 3092 post
985 3034 1245 3092 praeturam
1279 3028 1472 3091 jaceret,
1510 3041 1665 3089 neque
1708 3030 1938 3087 petiturus
