2054 3470
265 246 316 286 l&
883 273 885 275 .
949 253 1008 281 niz
1048 253 1258 283 urricus

342 363 528 417 tionem,
557 362 758 408 alterum
795 377 880 423 per
917 377 1036 415 vnn3
1074 377 1279 423 cumque
1314 359 1428 407 illud
1454 360 1697 424 proprium
1723 360 1781 407 sit
1806 361 1947 409 homi·

341 438 425 493 nis,
463 439 552 484 hoc
590 437 866 483 beluarum:
917 436 1284 499 confugiendum
1321 441 1394 482 est
1429 437 1490 482 ad
1526 435 1774 498 posterius,
1813 437 1850 483 si
1885 437 1950 483 uti

287 520 313 560 3
342 530 433 560 non
467 513 577 560 licet
613 511 867 575 superiore.
940 512 1096 566 Quare
1134 511 1430 574 suscipienda
1455 511 1649 574 quidem
1685 511 1810 558 bella
1844 518 1952 559 sunt

341 589 402 635 ob
423 604 525 635 eam
553 603 760 642 causam,
783 592 837 633 ut
863 586 958 632 sine
983 586 1151 649 injuria
1174 587 1221 632 in
1245 602 1363 650 pace
1387 587 1596 633 vivatur:
1634 592 1770 649 parta
1795 592 1953 634 autem

340 664 546 719 victoria,
575 662 882 710 conservandi
916 662 959 716 ii,
997 661 1078 724 qui
1113 677 1206 707 non
1242 661 1456 708 crudeles
1492 662 1537 708 in
1572 662 1711 718 bello,
1742 678 1835 708 non
1869 662 1952 708 im-

286 745 313 786 4
340 755 501 785 manes
548 739 754 784 fuerunt.
825 738 895 783 Ut
938 738 1141 800 majores
1199 737 1346 783 nostri
1402 737 1710 791 Tusculanos,
1751 738 1951 800 AEquos,

340 814 555 869 Volscos,
594 813 806 868 Sabinos,
844 812 1075 858 Hernicos
1110 811 1156 858 in
1192 812 1427 858 civitatem
1463 813 1604 859 etiam
1640 819 1956 876 acceperunt:

285 897 312 938 5
340 896 389 937 at
415 888 751 952 Carthaginem
777 894 825 934 et
850 887 1155 934 Numantiam
1174 887 1388 934 funditus
1414 888 1720 935 sustulerunt.
1764 889 1953 936 Nollem

342 965 647 1012 Corinthum:
685 964 771 1010 sed
807 964 947 1010 credo
982 962 1161 1025 aliquid
1198 968 1399 1016 secutos,
1428 963 1831 1026 opportunitatem
1865 964 1956 1011 loci

339 1040 557 1094 maxime,
594 1055 653 1085 ne
701 1044 863 1101 posset
897 1038 1151 1100 aliquando
1187 1037 1248 1084 ad
1296 1038 1474 1085 bellum
1515 1037 1785 1084 faciendum
1820 1039 1956 1085 locus

287 1121 312 1163 6
339 1115 439 1178 ipse
464 1114 718 1160 adhortari.
789 1113 898 1159 Mea
922 1113 1113 1176 quidem
1138 1113 1383 1169 sententia,
1405 1113 1524 1176 paci,
1552 1130 1661 1176 quae
1688 1113 1801 1161 nihil
1825 1114 1954 1161 habi·

339 1196 446 1237 tura
487 1190 547 1236 sit
586 1189 873 1244 insidiarum,
914 1204 1103 1251 semper
1147 1194 1220 1234 est
1261 1189 1616 1236 consulendum.
1687 1189 1745 1235 In
1784 1205 1879 1252 quo
1920 1188 1958 1236 si

339 1266 454 1312 mihi
488 1270 614 1312 esset
647 1265 1043 1327 obtemperatum,
1071 1264 1110 1310 si
1145 1280 1239 1310 non
1263 1265 1506 1327 optimam,
1534 1270 1583 1310 at
1617 1265 1824 1327 aliquam
1857 1280 1954 1311 rem

288 1342 312 1390 7
340 1341 593 1407 publicam,
615 1356 723 1403 quae
749 1356 873 1385 nunc
898 1339 1029 1385 nulla
1055 1345 1140 1395 est,
1167 1340 1466 1386 haberemus.
1536 1339 1599 1385 Et
1625 1357 1733 1386 cum
1751 1340 1818 1395 iis,
1840 1356 1958 1403 quos

339 1417 385 1464 vi
409 1416 650 1471 deviceris,
678 1415 1021 1462 consulendum
1058 1420 1159 1470 est;
1195 1420 1298 1461 tum
1322 1414 1366 1469 ii,
1393 1414 1486 1477 qui,
1515 1414 1656 1461 armis
1693 1415 1870 1478 positis,
1897 1415 1953 1461 ad

322 1492 681 1556 ,imperatorum
722 1490 866 1537 fidem
908 1489 1196 1554 confugient,
1222 1490 1436 1552 quamvis
1471 1506 1662 1537 murum
1701 1491 1819 1537 aries
1855 1507 1958 1554 per-

288 1574 314 1616 8
342 1566 553 1622 eusserit‚
578 1565 847 1629 recipiendi.
919 1566 976 1611 In
1001 1582 1096 1628 quo
1121 1570 1370 1628 tantopere
1396 1565 1526 1628 apud
1561 1570 1746 1612 nostros
1778 1566 1960 1629 justitia

342 1643 470 1690 culta
504 1647 590 1697 est,
618 1647 672 1688 ut
708 1641 751 1696 ii,
778 1641 860 1704 qui
885 1641 1097 1687 civitates
1137 1646 1221 1686 aut
1257 1640 1470 1686 nationes
1507 1640 1718 1687 devictas
1754 1641 1879 1689 bello
1914 1641 1960 1687 in

342 1719 486 1765 fidem
510 1717 814 1780 recepissent,
841 1732 1002 1762 earum
1030 1715 1214 1778 patroni
1240 1721 1397 1762 essent
1420 1731 1552 1762 more
1576 1715 1824 1779 majorum.

289 1801 315 1842 9
406 1794 483 1840 Ac
519 1793 631 1840 belli
672 1792 870 1855 quidem
905 1791 1101 1854 aequitas
1143 1790 1434 1837 sanctissime
1484 1791 1632 1837 fetiali
1667 1792 1831 1855 populi
1866 1792 1960 1838 Ro-

342 1869 467 1916 mani
497 1869 604 1932 jure
640 1866 902 1931 perscripta
937 1872 1022 1913 est.
1093 1867 1166 1912 Ex
1201 1882 1295 1929 quo
1330 1865 1529 1930 intelligi
1565 1872 1739 1929 potest,
1776 1867 1960 1913 nullum

342 1945 520 1992 bellum
556 1959 658 1990 esse
690 1943 888 2006 justum,
925 1941 1010 1987 nisi
1047 1941 1176 2004 quod
1212 1946 1295 1987 aut
1329 1941 1471 1988 rebus
1506 1941 1716 2004 repetitis
1752 1948 1961 2005 geratur,

263 2027 318 2068 lo
344 2026 427 2067 aut
462 2018 796 2066 denunciatum
830 2023 939 2064 ante
976 2017 1035 2063 sit
1070 2022 1119 2063 et
1152 2016 1396 2063 indictum.
1466 2016 1679 2079 Popilius
1708 2016 1963 2080 imperator

343 2096 539 2143 tenebat
573 2093 874 2157 provinciam,
902 2092 949 2139 in
975 2092 1111 2155 cujus
1144 2091 1357 2138 exercitu
1393 2091 1585 2138 Catonis
1620 2091 1742 2138 filius
1767 2092 1854 2138 tiro
1877 2092 1962 2138 mi-

344 2171 525 2218 litabat.
585 2170 707 2215 Cum
731 2174 892 2214 autem
915 2168 1100 2231 Popilio
1126 2167 1368 2213 videretur
1391 2183 1535 2213 unam
1560 2166 1795 2217 dimittere
1818 2167 1962 2230 legio-

345 2262 469 2300 nem,
497 2244 690 2290 Oatonis
715 2258 905 2306 quoque
930 2243 1090 2297 filium,
1118 2242 1198 2305 qui
1231 2241 1278 2288 in
1303 2241 1470 2288 eadem
1504 2240 1691 2304 legione
1715 2241 1962 2297 militabat,

266 2328 318 2369 11
347 2320 536 2368 dimisit.
608 2318 705 2366 Sed
731 2335 839 2365 cum
863 2333 1023 2364 amore
1059 2316 1306 2381 pugnandi
1329 2316 1377 2363 in
1401 2315 1611 2362 exercitu
1643 2317 1962 2373 remansisset,

350 2397 470 2444 Cato
495 2395 556 2441 ad
591 2393 830 2456 Popilium
866 2392 1065 2456 scripsit,
1093 2398 1162 2448 ut,
1187 2392 1226 2439 si
1249 2408 1358 2438 eum
1393 2396 1637 2455 pateretur
1671 2391 1717 2437 in
1751 2391 1961 2438 exercitu

347 2485 603 2524 remanere,
641 2468 850 2516 secundo
886 2484 995 2514 eum
1031 2468 1210 2531 obliget
1243 2467 1420 2514 militiae
1464 2472 1785 2513 sacramento:
1836 2467 1960 2530 quia,

350 2546 504 2610 priore
528 2544 713 2599 amisso,
736 2544 843 2607 jure
869 2560 977 2590 cum
995 2543 1211 2590 hostibus
1232 2558 1446 2606 pugnare
1469 2558 1562 2588 non
1586 2547 1786 2604 poterat.
1824 2541 1966 2589 Adeo

272 2629 322 2668 1⁶2
351 2636 536 2667 summa
570 2625 671 2666 erat
712 2618 977 2666 observatio
1018 2618 1065 2664 in
1104 2618 1230 2664 bello
1271 2616 1519 2663 movendo.
1591 2616 1739 2663 Marci
1774 2616 1966 2679 quidem

353 2695 542 2743 Catonis
563 2693 683 2741 senis
710 2699 781 2740 est
800 2694 1000 2757 epistola
1024 2693 1086 2739 ad
1111 2694 1328 2739 Marcum
1354 2692 1515 2746 filium,
1534 2691 1579 2737 in
1604 2707 1698 2754 qua
1722 2691 1895 2746 scribit,
1916 2707 1966 2737 se

351 2771 553 2825 audisse,
581 2786 689 2816 eum
721 2769 917 2815 missum
940 2769 1122 2815 factum
1158 2783 1261 2814 esse
1286 2783 1314 2813 a
1346 2766 1537 2813 consule
1567 2764 1697 2830 [cum
1731 2765 1778 2812 in
1808 2766 1965 2812 Mace-

353 2845 491 2892 donia
525 2845 650 2892 bello
685 2844 876 2891 Persico
910 2844 1045 2890 miles
1081 2841 1242 2907 esset]
1290 2842 1477 2888 ·Monet
1511 2841 1668 2905 igitur,
1694 2846 1750 2888 ut
1785 2845 1964 2895 caveat,

354 2937 411 2967 ne
438 2920 659 2985 proelium
695 2919 833 2966 ineat.
904 2919 1067 2983 Negat
1092 2918 1213 2965 enim
1233 2918 1312 2982 jus
1348 2932 1466 2972 esse,
1493 2916 1573 2981 qui
1607 2915 1741 2963 miles
1774 2931 1868 2963 non
1892 2914 1966 2972 sit,

356 3012 463 3043 cum
489 2995 627 3042 hoste
652 3009 882 3058 pugnare.
