2054 3470
635 203 774 233 mnan
799 203 869 234 111.
941 202 1049 235 cAP.
1077 203 1245 235 xxxm.
1700 195 1786 238 121

91 328 178 375 que
205 328 232 359 a
251 312 519 360 censoribus
539 311 755 358 omnibus
779 310 1041 375 ignominiis
1067 317 1268 359 notatos.
1341 311 1413 359 Sit
1434 312 1533 376 jam
1558 311 1703 377 hujus
1732 319 1787 363 10

89 387 176 436 loci
200 388 314 435 finis.
370 387 683 450 Perspicuum
718 392 790 433 est
815 386 951 442 enim,
979 402 1048 442 ca,
1075 403 1183 450 quae
1221 387 1386 434 timido
1421 387 1591 443 animo,
1617 388 1704 434 hu·

89 464 197 519 mili,
224 463 440 518 demisso,
468 463 714 524 fractoque
739 462 852 508 fiant
877 461 1040 525 (quale
1064 462 1231 509 fuisset
1255 463 1428 527 Reguli
1452 463 1645 518 factum,
1667 463 1705 511 si

87 544 169 586 aut
194 539 254 586 de
279 538 490 602 captivis,
517 537 645 600 quod
680 537 770 601 ipsi
794 553 915 600 opus
950 553 1053 584 esse
1078 538 1332 593 videretur,
1358 555 1452 585 non
1486 538 1615 602 quod
1639 538 1706 586 rei

86 615 307 678 publicae,
336 613 608 668 censuisset,
635 618 718 658 aut
754 612 882 658 domi
919 629 1162 660 remanere
1188 612 1433 678 voluisset)
1460 630 1553 660 non
1601 630 1704 661 esse

87 690 231 746 utilia,
258 690 367 753 quia
391 689 482 735 sint
506 688 752 752 flagitiosa,
779 687 925 743 foeda,
952 688 1125 751 turpia.

147 841 379 888 XXXIII.
400 841 568 887 Restat
587 844 754 902 quarta
775 855 899 902 pars,
919 855 1027 902 quae
1047 839 1231 895 decore,
1250 840 1586 896 moderatione,
1603 857 1703 889 mo-

85 915 248 972 destia,
268 916 565 970 continentia,
584 915 900 978 temperantia
915 915 1193 963 continetur.
1234 916 1402 962 Potest
1418 916 1561 980 igitur
1575 917 1703 981 quic·
1729 923 1755 965 2

84 1006 226 1055 quam
251 1008 353 1039 esse
377 991 506 1047 utile,
533 990 661 1054 quod
687 990 746 1037 sit
770 990 879 1036 huic
905 991 1069 1036 talium
1096 991 1324 1037 virtutum
1351 992 1494 1039 choro
1520 998 1703 1039 contra-

83 1067 240 1114 rium?
299 1067 450 1130 Atqui
473 1067 534 1114 ab
559 1065 809 1128 Aristippo
836 1066 1095 1128 Cyrenaici,
1118 1074 1261 1130 atque
1287 1067 1526 1114 Annicerii
1551 1068 1701 1131 philo·
1729 1073 1756 1115 3

83 1142 221 1205 sophi
257 1141 496 1196 nominati,
524 1157 662 1188 omne
686 1141 863 1187 bonum
899 1141 945 1187 in
969 1141 1215 1205 voluptate
1254 1149 1531 1205 posuerunt,
1557 1144 1702 1190 virtu-

86 1224 273 1280 temque
311 1222 595 1264 censuerunt
632 1216 693 1263 ob
729 1232 834 1262 eam
868 1232 969 1262 rem
994 1232 1096 1263 esse
1121 1216 1426 1273 laudandam,
1452 1218 1581 1282 quod
1606 1219 1702 1266 effi·

81 1292 206 1339 ciens
232 1300 357 1339 esset
379 1291 652 1356 voluptatiS,
679 1291 851 1354 quibus
877 1291 1101 1338 obsoletis
1136 1292 1274 1339 floret
1298 1293 1549 1356 Epicurus,
1576 1295 1700 1357 ejus-

81 1367 190 1415 dem
214 1369 312 1415 fere
337 1368 530 1432 adjutor
559 1373 820 1430 auctorque
845 1368 1105 1414 sententiae.
1168 1368 1291 1414 Cum
1316 1368 1389 1415 his
1414 1369 1523 1415 viris
1548 1369 1699 1432 equis-
1727 1373 1755 1416 4

80 1459 186 1506 que,
212 1449 267 1490 ut
291 1443 476 1498 dicitur,
504 1442 539 1489 si
565 1443 866 1489 honestatem
898 1442 1020 1489 tueri
1045 1458 1098 1489 ac
1124 1443 1324 1489 retinere
1359 1444 1590 1490 sententia
1613 1450 1699 1500 est,

80 1518 419 1565 decertandum
445 1523 529 1565 est.
602 1517 728 1564 Nam
753 1517 791 1563 si
815 1534 908 1564 non
932 1517 1075 1564 modo
1100 1518 1291 1573 utilitas,
1320 1519 1404 1565 sed
1428 1519 1525 1565 vita
1547 1519 1699 1566 omnis
1726 1527 1754 1568 5

79 1594 231 1648 beata,
259 1593 465 1657 corporis
501 1593 634 1638 firma
664 1592 995 1640 constitutione
1021 1593 1218 1656 ejusque
1245 1594 1588 1641 constitutionis
1615 1611 1699 1659 spe

80 1669 338 1732 explorata,
376 1675 430 1715 ut
465 1684 493 1714 a
528 1667 801 1715 Metrodoro
837 1669 1065 1731 scriptum
1101 1675 1189 1724 est,
1228 1670 1523 1717 continetur:
1572 1678 1698 1717 certe

79 1745 182 1791 haec
206 1745 397 1800 utilitas,
425 1750 472 1791 et
498 1743 688 1807 quidem
715 1760 914 1798 summa,
944 1743 1028 1809 (sic
1062 1745 1184 1791 enirn
1222 1744 1451 1810 censent,)
1482 1762 1590 1792 cum
1613 1747 1697 1793 ho-

79 1825 263 1867 nestate
283 1819 532 1884 pugnabit.
575 1819 701 1866 Nam
720 1819 800 1866 ubi
820 1819 1024 1882 primum
1045 1820 1310 1883 prudentiae
1325 1821 1456 1868 locus
1474 1821 1696 1869 dabitur?
1724 1827 1751 1869 6

79 1895 172 1950 Αη,
198 1901 252 1942 ut
277 1895 521 1958 conquirat
544 1895 753 1957 undique
788 1895 1083 1942 suavitates?
1155 1897 1311 1952 Quam
1346 1897 1486 1943 miser
1511 1897 1695 1946 virtutis
1724 1898 1749 1945 ⁷

79 1970 351 2025 famulatuS,
373 1970 615 2017 servientis
635 1970 894 2032 voluptati!
948 1971 1088 2027 Quod
1108 1978 1267 2018 autem
1291 1988 1464 2018 munus
1490 1972 1694 2034 pruden-

79 2046 190 2092 tzae?
243 2046 324 2092 An
348 2045 505 2110 legere
530 2045 844 2109 intelligenter
863 2046 1170 2109 voluptates?
1224 2046 1320 2094 Fac
1346 2047 1460 2094 nihil
1484 2047 1573 2094 isto
1593 2064 1695 2095 esse

75 2120 329 2185 jucundius
350 2137 360 2167 ε
398 2120 511 2183 quid
536 2121 731 2184 cogitari
756 2127 915 2184 potest
939 2121 1124 2185 turpius
1141 2122 1164 2168 ‘2
1231 2122 1262 2170 J
1266 2138 1356 2177 am,
1378 2122 1459 2186 qui
1483 2122 1694 2170 dolorem
1720 2129 1748 2171 8

75 2212 316 2242 summum
350 2197 529 2242 malum
555 2196 695 2252 dicat,
722 2196 853 2260 apud
878 2213 986 2243 eum
1011 2213 1153 2261 quem
1188 2197 1335 2245 habet
1368 2198 1528 2245 locum
1564 2198 1694 2246 forti·

77 2271 206 2326 tudo,
234 2287 341 2334 quae
373 2277 445 2318 est
470 2271 685 2318 dolorum
720 2272 1032 2336 laborumque
1067 2273 1397 2337 contemptio?
1468 2274 1692 2330 Quamvis
1720 2280 1746 2322 9

76 2347 199 2393 enim
222 2346 382 2392 multis
407 2346 520 2393 locis
545 2346 672 2393 dicat
695 2347 942 2410 EpicurUS‚
969 2348 1107 2395 sicuti
1131 2348 1257 2403 dicit,
1284 2349 1397 2395 satis
1422 2348 1606 2396 fortiter
1631 2350 1690 2396 de

76 2421 266 2468 dolore:
302 2427 462 2468 tamen
493 2437 586 2468 non
620 2422 667 2468 id
703 2423 1015 2485 spectandum
1050 2429 1136 2479 est,
1162 2423 1276 2486 quid
1302 2424 1441 2479 dicat,
1468 2425 1553 2471 sed
1577 2426 1691 2488 quid

75 2502 442 2544 consentaneum
467 2497 527 2543 sit
552 2497 593 2544 ei
618 2497 785 2553 dicere,
812 2498 893 2561 qui
928 2499 1051 2545 bona
1075 2500 1322 2562 voluptate
1354 2500 1688 2556 terminaverit,

75 2572 200 2617 mala
224 2571 418 2619 dolore:
455 2578 522 2627 ut,
551 2573 590 2619 si
624 2573 755 2619 illum
792 2573 982 2620 audiam
1014 2573 1074 2620 de
1107 2574 1390 2621 continentia
1424 2581 1473 2622 et
1507 2581 1687 2639 tempe-

77 2646 237 2701 rantia,
265 2646 377 2693 dicit
403 2647 478 2694 ille
503 2648 694 2710 quidem
722 2649 873 2695 multa
896 2649 1058 2695 multis
1084 2649 1197 2696 locis
1219 2666 1229 2705 ;
1267 2650 1351 2696 sed
1377 2666 1501 2713 aqua
1520 2651 1685 2707 haeret,

76 2727 128 2768 ut
148 2722 291 2768 aiunt.
351 2721 475 2768 Nam
495 2723 574 2784 qui
600 2729 758 2786 potest
777 2725 1136 2787 temperantiam
1156 2725 1349 2772 laudare
1369 2726 1421 2782 is,
1443 2726 1523 2789 qui
1542 2734 1688 2790 ponat
1717 2733 1772 2774 lc

74 2812 311 2842 summum
331 2797 507 2843 bonum
530 2796 576 2843 in
594 2798 878 2860 voluptate?
942 2799 1030 2846 Est
1054 2800 1176 2847 enim
1200 2802 1514 2865 temperantia
1538 2803 1686 2849 libidi-

74 2886 187 2919 num
204 2871 399 2926 inimica,
421 2872 634 2919 libidines
653 2880 811 2920 autem
832 2875 1191 2922 consectatrices
1211 2876 1483 2939 voluptatis.
1519 2877 1684 2939 Atque
1714 2883 1732 2924 1
1750 2882 1767 2924 1

73 2943 118 2993 in
153 2946 224 2992 his
258 2952 418 2993 tamen
451 2947 602 2993 tribus
637 2947 902 3011 generibus,
938 2966 1129 3012 quoquo
1164 2951 1307 2997 modo
1344 2957 1556 3013 possunt,
1594 2967 1686 2998 non

74 3019 286 3067 incallide
314 3021 690 3085 tergiversantur.
762 3023 1071 3070 Prudentiam
1095 3025 1414 3079 introducunt,
1443 3026 1682 3073 scientiam
1713 3031 1769 3073 12

504 3094 522 3133 1
539 3093 557 3132 l
