<?xml version="1.0" encoding="UTF-8"?>
<!DOCTYPE html PUBLIC "-//W3C//DTD XHTML 1.0 Transitional//EN"
    "http://www.w3.org/TR/xhtml1/DTD/xhtml1-transitional.dtd">
<html xmlns="http://www.w3.org/1999/xhtml" xml:lang="en" lang="en">
 <head>
  <title>
</title>
<meta http-equiv="Content-Type" content="text/html;charset=utf-8" />
  <meta name='ocr-system' content='tesseract 3.04.00' />
  <meta name='ocr-capabilities' content='ocr_page ocr_carea ocr_par ocr_line ocrx_word'/>
</head>
<body>
  <div class='ocr_page' id='page_1' title='image "./mtulliiciceronis1850cice_0068.png"; bbox 0 0 2054 3470; ppageno 0'>
   <div class='ocr_carea' id='block_1_1' title="bbox 261 167 1524 211">
    <p class='ocr_par' dir='ltr' id='par_1_1' title="bbox 261 167 1524 211">
     <span class='ocr_line' id='line_1_1' title="bbox 261 167 1524 211; baseline 0.001 -2"><span class='ocrx_word' id='word_1_1' title='bbox 261 167 318 209; x_wconf 84' lang='grc'>56</span> <span class='ocrx_word' id='word_1_2' title='bbox 689 179 749 209; x_wconf 80' lang='lat' dir='ltr'>DE</span> <span class='ocrx_word' id='word_1_3' title='bbox 778 178 988 210; x_wconf 66' lang='lat' dir='ltr'>ormons</span> <span class='ocrx_word' id='word_1_4' title='bbox 1014 179 1154 210; x_wconf 67' lang='lat' dir='ltr'><strong>LIBER</strong></span> <span class='ocrx_word' id='word_1_5' title='bbox 1180 179 1210 211; x_wconf 91' lang='lat'>1.</span> <span class='ocrx_word' id='word_1_6' title='bbox 1282 180 1389 211; x_wconf 79' lang='lat' dir='ltr'>CAP.</span> <span class='ocrx_word' id='word_1_7' title='bbox 1417 179 1524 211; x_wconf 80' lang='lat' dir='ltr'>XLV.</span> 
     </span>
    </p>
   </div>
   <div class='ocr_carea' id='block_1_2' title="bbox 264 285 1954 577">
    <p class='ocr_par' dir='ltr' id='par_1_2' title="bbox 264 285 1954 577">
     <span class='ocr_line' id='line_1_2' title="bbox 349 285 1954 348; baseline 0.004 -17"><span class='ocrx_word' id='word_1_8' title='bbox 349 285 471 332; x_wconf 87' lang='lat' dir='ltr'>cium</span> <span class='ocrx_word' id='word_1_9' title='bbox 511 286 655 332; x_wconf 89' lang='lat' dir='ltr'>studii</span> <span class='ocrx_word' id='word_1_10' title='bbox 688 292 921 348; x_wconf 71' lang='lat' dir='ltr'>quaereret</span> <span class='ocrx_word' id='word_1_11' title='bbox 943 303 953 341; x_wconf 84' lang='lat'><em>3</em></span> <span class='ocrx_word' id='word_1_12' title='bbox 989 293 1092 334; x_wconf 90' lang='lat' dir='ltr'>tum</span> <span class='ocrx_word' id='word_1_13' title='bbox 1127 287 1312 342; x_wconf 89' lang='lat' dir='ltr'>docere,</span> <span class='ocrx_word' id='word_1_14' title='bbox 1339 293 1443 334; x_wconf 91' lang='lat' dir='ltr'>tum</span> <span class='ocrx_word' id='word_1_15' title='bbox 1468 287 1647 336; x_wconf 82' lang='lat' dir='ltr'>discere</span> <span class='ocrx_word' id='word_1_16' title='bbox 1671 289 1827 345; x_wconf 84' lang='lat' dir='ltr'>vellet,</span> <span class='ocrx_word' id='word_1_17' title='bbox 1853 294 1954 337; x_wconf 87' lang='lat' dir='ltr'>tum</span> 
     </span>
     <span class='ocr_line' id='line_1_3' title="bbox 264 361 1950 428; baseline 0.002 -20"><span class='ocrx_word' id='word_1_18' title='bbox 264 366 317 408; x_wconf 82' lang='lat'>12</span> <span class='ocrx_word' id='word_1_19' title='bbox 345 361 521 416; x_wconf 89' lang='lat' dir='ltr'>audire,</span> <span class='ocrx_word' id='word_1_20' title='bbox 549 368 651 407; x_wconf 89' lang='lat' dir='ltr'>tum</span> <span class='ocrx_word' id='word_1_21' title='bbox 677 362 843 408; x_wconf 89' lang='lat' dir='ltr'>dicere.</span> <span class='ocrx_word' id='word_1_22' title='bbox 917 362 1045 426; x_wconf 84' lang='lat' dir='ltr'>Ergo</span> <span class='ocrx_word' id='word_1_23' title='bbox 1072 379 1208 409; x_wconf 91' lang='lat' dir='ltr'>omne</span> <span class='ocrx_word' id='word_1_24' title='bbox 1245 363 1464 418; x_wconf 60' lang='lat' dir='ltr'>officium,</span> <span class='ocrx_word' id='word_1_25' title='bbox 1492 363 1619 426; x_wconf 91' lang='lat' dir='ltr'>quod</span> <span class='ocrx_word' id='word_1_26' title='bbox 1644 363 1708 411; x_wconf 83' lang='lat' dir='ltr'>ad</span> <span class='ocrx_word' id='word_1_27' title='bbox 1734 364 1950 428; x_wconf 87' lang='lat' dir='ltr'>conjunc-</span> 
     </span>
     <span class='ocr_line' id='line_1_4' title="bbox 343 436 1952 502; baseline 0.002 -20"><span class='ocrx_word' id='word_1_28' title='bbox 343 437 518 483; x_wconf 80' lang='lat' dir='ltr'>tionem</span> <span class='ocrx_word' id='word_1_29' title='bbox 555 436 797 483; x_wconf 89' lang='lat' dir='ltr'>hominum</span> <span class='ocrx_word' id='word_1_30' title='bbox 833 442 881 483; x_wconf 89' lang='lat' dir='ltr'>et</span> <span class='ocrx_word' id='word_1_31' title='bbox 916 437 978 483; x_wconf 85' lang='lat' dir='ltr'>ad</span> <span class='ocrx_word' id='word_1_32' title='bbox 1015 439 1288 485; x_wconf 87' lang='lat' dir='ltr'>societatem</span> <span class='ocrx_word' id='word_1_33' title='bbox 1323 438 1550 484; x_wconf 82' lang='lat' dir='ltr'>tuendam</span> <span class='ocrx_word' id='word_1_34' title='bbox 1585 439 1723 494; x_wconf 85' lang='lat' dir='ltr'>valet,</span> <span class='ocrx_word' id='word_1_35' title='bbox 1762 445 1952 502; x_wconf 83' lang='lat' dir='ltr'>antepo-</span> 
     </span>
     <span class='ocr_line' id='line_1_5' title="bbox 342 509 1952 577; baseline 0.002 -20"><span class='ocrx_word' id='word_1_36' title='bbox 342 512 550 558; x_wconf 89' lang='lat' dir='ltr'>nendum</span> <span class='ocrx_word' id='word_1_37' title='bbox 576 518 647 558; x_wconf 89' lang='lat' dir='ltr'>est</span> <span class='ocrx_word' id='word_1_38' title='bbox 671 512 735 558; x_wconf 92' lang='lat' dir='ltr'>illi</span> <span class='ocrx_word' id='word_1_39' title='bbox 760 509 922 567; x_wconf 71' lang='lat' dir='ltr'>officio,</span> <span class='ocrx_word' id='word_1_40' title='bbox 943 513 1071 575; x_wconf 89' lang='lat' dir='ltr'>quod</span> <span class='ocrx_word' id='word_1_41' title='bbox 1098 514 1362 577; x_wconf 78' lang='lat' dir='ltr'>cognitione</span> <span class='ocrx_word' id='word_1_42' title='bbox 1386 519 1434 560; x_wconf 90' lang='lat' dir='ltr'>et</span> <span class='ocrx_word' id='word_1_43' title='bbox 1459 513 1650 560; x_wconf 83' lang='lat' dir='ltr'>scicntia</span> <span class='ocrx_word' id='word_1_44' title='bbox 1675 514 1952 562; x_wconf 83' lang='lat' dir='ltr'>continetur.</span> 
     </span>
    </p>
   </div>
   <div class='ocr_carea' id='block_1_3' title="bbox 261 738 1956 2608">
    <p class='ocr_par' dir='ltr' id='par_1_3' title="bbox 261 738 1956 2608">
     <span class='ocr_line' id='line_1_6' title="bbox 407 738 1954 802; baseline 0.001 -18"><span class='ocrx_word' id='word_1_45' title='bbox 407 739 554 785; x_wconf 91' lang='lat' dir='ltr'>XLV.</span> <span class='ocrx_word' id='word_1_46' title='bbox 583 738 710 784; x_wconf 90' lang='lat' dir='ltr'>Illud</span> <span class='ocrx_word' id='word_1_47' title='bbox 735 738 930 785; x_wconf 83' lang='lat' dir='ltr'>forsitan</span> <span class='ocrx_word' id='word_1_48' title='bbox 949 739 1257 802; x_wconf 76' lang='lat' dir='ltr'>quaerendum</span> <span class='ocrx_word' id='word_1_49' title='bbox 1279 740 1352 794; x_wconf 87' lang='lat' dir='ltr'>sit,</span> <span class='ocrx_word' id='word_1_50' title='bbox 1371 756 1485 785; x_wconf 87' lang='lat' dir='ltr'>num</span> <span class='ocrx_word' id='word_1_51' title='bbox 1505 739 1608 786; x_wconf 77' lang='lat' dir='ltr'>liaec</span> <span class='ocrx_word' id='word_1_52' title='bbox 1629 739 1954 793; x_wconf 80' lang='lat' dir='ltr'>communitas,</span> 
     </span>
     <span class='ocr_line' id='line_1_7' title="bbox 339 813 1953 877; baseline 0.001 -18"><span class='ocrx_word' id='word_1_53' title='bbox 339 829 447 877; x_wconf 83' lang='lat' dir='ltr'>quae</span> <span class='ocrx_word' id='word_1_54' title='bbox 487 813 690 860; x_wconf 79' lang='lat' dir='ltr'>maxime</span> <span class='ocrx_word' id='word_1_55' title='bbox 733 820 805 860; x_wconf 89' lang='lat' dir='ltr'>est</span> <span class='ocrx_word' id='word_1_56' title='bbox 839 820 952 877; x_wconf 84' lang='lat' dir='ltr'>apta</span> <span class='ocrx_word' id='word_1_57' title='bbox 987 821 1182 869; x_wconf 68' lang='lat' dir='ltr'>naturae,</span> <span class='ocrx_word' id='word_1_58' title='bbox 1221 815 1281 861; x_wconf 88' lang='lat' dir='ltr'>sit</span> <span class='ocrx_word' id='word_1_59' title='bbox 1317 815 1459 860; x_wconf 81' lang='lat' dir='ltr'>etiam</span> <span class='ocrx_word' id='word_1_60' title='bbox 1503 814 1815 861; x_wconf 85' lang='lat' dir='ltr'>moderationi</span> <span class='ocrx_word' id='word_1_61' title='bbox 1857 830 1953 860; x_wconf 92' lang='lat' dir='ltr'>mo-</span> 
     </span>
     <span class='ocr_line' id='line_1_8' title="bbox 286 888 1952 952; baseline 0.001 -18"><span class='ocrx_word' id='word_1_62' title='bbox 286 893 312 934; x_wconf 76' lang='lat'><strong>2</strong></span> <span class='ocrx_word' id='word_1_63' title='bbox 341 888 603 951; x_wconf 85' lang='lat' dir='ltr'>dcstiaeque</span> <span class='ocrx_word' id='word_1_64' title='bbox 640 905 828 952; x_wconf 83' lang='lat' dir='ltr'>semper</span> <span class='ocrx_word' id='word_1_65' title='bbox 865 889 1209 952; x_wconf 84' lang='lat' dir='ltr'>anteponenda.</span> <span class='ocrx_word' id='word_1_66' title='bbox 1282 890 1392 935; x_wconf 89' lang='lat' dir='ltr'>Non</span> <span class='ocrx_word' id='word_1_67' title='bbox 1431 889 1603 952; x_wconf 84' lang='lat' dir='ltr'>placet.</span> <span class='ocrx_word' id='word_1_68' title='bbox 1675 889 1798 936; x_wconf 82' lang='lat' dir='ltr'>Sunt</span> <span class='ocrx_word' id='word_1_69' title='bbox 1834 890 1952 936; x_wconf 88' lang='lat' dir='ltr'>enim</span> 
     </span>
     <span class='ocr_line' id='line_1_9' title="bbox 339 963 1955 1028; baseline 0.002 -20"><span class='ocrx_word' id='word_1_70' title='bbox 339 963 562 1026; x_wconf 75' lang='lat' dir='ltr'>quaedam</span> <span class='ocrx_word' id='word_1_71' title='bbox 604 964 777 1026; x_wconf 82' lang='lat' dir='ltr'>partim</span> <span class='ocrx_word' id='word_1_72' title='bbox 818 963 882 1010; x_wconf 84' lang='lat' dir='ltr'>ita</span> <span class='ocrx_word' id='word_1_73' title='bbox 923 964 1070 1018; x_wconf 82' lang='lat' dir='ltr'>foeda,</span> <span class='ocrx_word' id='word_1_74' title='bbox 1115 963 1288 1027; x_wconf 86' lang='lat' dir='ltr'>partim</span> <span class='ocrx_word' id='word_1_75' title='bbox 1328 964 1394 1010; x_wconf 87' lang='lat' dir='ltr'>ita</span> <span class='ocrx_word' id='word_1_76' title='bbox 1434 964 1682 1028; x_wconf 78' lang='lat' dir='ltr'>flagitiosa,</span> <span class='ocrx_word' id='word_1_77' title='bbox 1721 970 1776 1011; x_wconf 91' lang='lat' dir='ltr'>ut</span> <span class='ocrx_word' id='word_1_78' title='bbox 1811 981 1866 1011; x_wconf 84' lang='lat' dir='ltr'>ea</span> <span class='ocrx_word' id='word_1_79' title='bbox 1899 982 1955 1012; x_wconf 85' lang='lat' dir='ltr'>ne</span> 
     </span>
     <span class='ocr_line' id='line_1_10' title="bbox 339 1038 1955 1102; baseline 0.001 -17"><span class='ocrx_word' id='word_1_80' title='bbox 339 1038 674 1085; x_wconf 85' lang='lat' dir='ltr'>conservandae</span> <span class='ocrx_word' id='word_1_81' title='bbox 697 1038 889 1101; x_wconf 83' lang='lat' dir='ltr'>quidem</span> <span class='ocrx_word' id='word_1_82' title='bbox 916 1039 1080 1101; x_wconf 86' lang='lat' dir='ltr'>patriae</span> <span class='ocrx_word' id='word_1_83' title='bbox 1117 1055 1260 1085; x_wconf 84' lang='lat' dir='ltr'>causa</span> <span class='ocrx_word' id='word_1_84' title='bbox 1296 1039 1481 1102; x_wconf 83' lang='lat' dir='ltr'>sapiens</span> <span class='ocrx_word' id='word_1_85' title='bbox 1506 1040 1719 1086; x_wconf 80' lang='lat' dir='ltr'>facturus</span> <span class='ocrx_word' id='word_1_86' title='bbox 1744 1039 1818 1088; x_wconf 87' lang='lat' dir='ltr'>sit.</span> <span class='ocrx_word' id='word_1_87' title='bbox 1888 1041 1955 1087; x_wconf 80' lang='lat' dir='ltr'>Ea</span> 
     </span>
     <span class='ocr_line' id='line_1_11' title="bbox 337 1113 1956 1178; baseline 0.001 -18"><span class='ocrx_word' id='word_1_88' title='bbox 337 1113 618 1163; x_wconf 83' lang='lat' dir='ltr'>Posidonius</span> <span class='ocrx_word' id='word_1_89' title='bbox 661 1113 851 1178; x_wconf 79' lang='lat' dir='ltr'>collegit</span> <span class='ocrx_word' id='word_1_90' title='bbox 892 1114 1143 1177; x_wconf 87' lang='lat' dir='ltr'>permulta,</span> <span class='ocrx_word' id='word_1_91' title='bbox 1189 1114 1272 1161; x_wconf 88' lang='lat' dir='ltr'>sed</span> <span class='ocrx_word' id='word_1_92' title='bbox 1315 1115 1382 1161; x_wconf 80' lang='lat' dir='ltr'>ita</span> <span class='ocrx_word' id='word_1_93' title='bbox 1423 1121 1566 1162; x_wconf 69' lang='lat' dir='ltr'>taetra</span> <span class='ocrx_word' id='word_1_94' title='bbox 1613 1115 1850 1177; x_wconf 73' lang='lat' dir='ltr'>quaeda-m,</span> <span class='ocrx_word' id='word_1_95' title='bbox 1893 1116 1956 1162; x_wconf 83' lang='lat' dir='ltr'>ita</span> 
     </span>
     <span class='ocr_line' id='line_1_12' title="bbox 284 1189 1955 1254; baseline 0.001 -18"><span class='ocrx_word' id='word_1_96' title='bbox 284 1195 310 1236; x_wconf 88' lang='lat'><strong>3</strong></span> <span class='ocrx_word' id='word_1_97' title='bbox 338 1191 577 1245; x_wconf 81' lang='lat' dir='ltr'>obscoena,</span> <span class='ocrx_word' id='word_1_98' title='bbox 599 1195 654 1235; x_wconf 91' lang='lat' dir='ltr'>ut</span> <span class='ocrx_word' id='word_1_99' title='bbox 674 1189 805 1236; x_wconf 87' lang='lat' dir='ltr'>dictu</span> <span class='ocrx_word' id='word_1_100' title='bbox 824 1206 1013 1252; x_wconf 85' lang='lat' dir='ltr'>quoque</span> <span class='ocrx_word' id='word_1_101' title='bbox 1033 1190 1282 1236; x_wconf 86' lang='lat' dir='ltr'>videantur</span> <span class='ocrx_word' id='word_1_102' title='bbox 1307 1191 1477 1253; x_wconf 83' lang='lat' dir='ltr'>turpia.</span> <span class='ocrx_word' id='word_1_103' title='bbox 1548 1191 1671 1238; x_wconf 85' lang='lat' dir='ltr'>Haec</span> <span class='ocrx_word' id='word_1_104' title='bbox 1697 1191 1843 1254; x_wconf 84' lang='lat' dir='ltr'>igitur</span> <span class='ocrx_word' id='word_1_105' title='bbox 1866 1209 1955 1239; x_wconf 87' lang='lat' dir='ltr'>non</span> 
     </span>
     <span class='ocr_line' id='line_1_13' title="bbox 338 1264 1955 1329; baseline 0.002 -19"><span class='ocrx_word' id='word_1_106' title='bbox 338 1264 561 1327; x_wconf 78' lang='lat' dir='ltr'>suscipiet</span> <span class='ocrx_word' id='word_1_107' title='bbox 598 1264 663 1311; x_wconf 90' lang='lat' dir='ltr'>rei</span> <span class='ocrx_word' id='word_1_108' title='bbox 703 1265 907 1328; x_wconf 87' lang='lat' dir='ltr'>publicae</span> <span class='ocrx_word' id='word_1_109' title='bbox 946 1280 1119 1321; x_wconf 87' lang='lat' dir='ltr'>causa;</span> <span class='ocrx_word' id='word_1_110' title='bbox 1155 1282 1214 1312; x_wconf 89' lang='lat' dir='ltr'>ne</span> <span class='ocrx_word' id='word_1_111' title='bbox 1249 1282 1324 1312; x_wconf 88' lang='lat' dir='ltr'>res</span> <span class='ocrx_word' id='word_1_112' title='bbox 1361 1266 1553 1328; x_wconf 86' lang='lat' dir='ltr'>publica</span> <span class='ocrx_word' id='word_1_113' title='bbox 1578 1265 1770 1329; x_wconf 91' lang='lat' dir='ltr'>quidem</span> <span class='ocrx_word' id='word_1_114' title='bbox 1797 1283 1883 1329; x_wconf 87' lang='lat' dir='ltr'>pro</span> <span class='ocrx_word' id='word_1_115' title='bbox 1908 1283 1955 1313; x_wconf 88' lang='lat' dir='ltr'>se</span> 
     </span>
     <span class='ocr_line' id='line_1_14' title="bbox 284 1340 1955 1404; baseline 0.002 -19"><span class='ocrx_word' id='word_1_116' title='bbox 284 1344 312 1385; x_wconf 87' lang='lat'>4</span> <span class='ocrx_word' id='word_1_117' title='bbox 338 1340 512 1403; x_wconf 85' lang='lat' dir='ltr'>suscipi</span> <span class='ocrx_word' id='word_1_118' title='bbox 536 1340 677 1387; x_wconf 86' lang='lat' dir='ltr'>volet.</span> <span class='ocrx_word' id='word_1_119' title='bbox 750 1340 848 1386; x_wconf 79' lang='lat' dir='ltr'>Sed</span> <span class='ocrx_word' id='word_1_120' title='bbox 872 1341 980 1387; x_wconf 79' lang='lat' dir='ltr'>haec</span> <span class='ocrx_word' id='word_1_121' title='bbox 1017 1340 1311 1387; x_wconf 88' lang='lat' dir='ltr'>commodius</span> <span class='ocrx_word' id='word_1_122' title='bbox 1337 1357 1387 1387; x_wconf 89' lang='lat' dir='ltr'>se</span> <span class='ocrx_word' id='word_1_123' title='bbox 1413 1357 1487 1387; x_wconf 88' lang='lat' dir='ltr'>res</span> <span class='ocrx_word' id='word_1_124' title='bbox 1513 1342 1675 1396; x_wconf 82' lang='lat' dir='ltr'>habet,</span> <span class='ocrx_word' id='word_1_125' title='bbox 1702 1342 1831 1404; x_wconf 89' lang='lat' dir='ltr'>quod</span> <span class='ocrx_word' id='word_1_126' title='bbox 1865 1359 1955 1389; x_wconf 88' lang='lat' dir='ltr'>non</span> 
     </span>
     <span class='ocr_line' id='line_1_15' title="bbox 338 1415 1955 1479; baseline 0.002 -18"><span class='ocrx_word' id='word_1_127' title='bbox 338 1421 497 1478; x_wconf 88' lang='lat' dir='ltr'>potest</span> <span class='ocrx_word' id='word_1_128' title='bbox 521 1415 735 1462; x_wconf 82' lang='lat' dir='ltr'>accidere</span> <span class='ocrx_word' id='word_1_129' title='bbox 759 1420 965 1479; x_wconf 88' lang='lat' dir='ltr'>tempus,</span> <span class='ocrx_word' id='word_1_130' title='bbox 992 1422 1047 1462; x_wconf 91' lang='lat' dir='ltr'>ut</span> <span class='ocrx_word' id='word_1_131' title='bbox 1071 1416 1254 1462; x_wconf 87' lang='lat' dir='ltr'>intersit</span> <span class='ocrx_word' id='word_1_132' title='bbox 1278 1416 1343 1462; x_wconf 87' lang='lat' dir='ltr'>rei</span> <span class='ocrx_word' id='word_1_133' title='bbox 1379 1416 1598 1478; x_wconf 74' lang='lat' dir='ltr'>publicae,</span> <span class='ocrx_word' id='word_1_134' title='bbox 1625 1415 1882 1479; x_wconf 83' lang='lat' dir='ltr'>quicquam</span> <span class='ocrx_word' id='word_1_135' title='bbox 1907 1418 1955 1464; x_wconf 92' lang='lat' dir='ltr'>il-</span> 
     </span>
     <span class='ocr_line' id='line_1_16' title="bbox 284 1491 1955 1554; baseline 0.001 -16"><span class='ocrx_word' id='word_1_136' title='bbox 284 1498 310 1538; x_wconf 90' lang='lat'>5</span> <span class='ocrx_word' id='word_1_137' title='bbox 347 1491 501 1538; x_wconf 88' lang='lat' dir='ltr'>lorum</span> <span class='ocrx_word' id='word_1_138' title='bbox 526 1492 681 1537; x_wconf 82' lang='lat' dir='ltr'>facere</span> <span class='ocrx_word' id='word_1_139' title='bbox 706 1491 983 1554; x_wconf 82' lang='lat' dir='ltr'>sapientem.</span> <span class='ocrx_word' id='word_1_140' title='bbox 1056 1492 1213 1547; x_wconf 78' lang='lat' dir='ltr'>Quare</span> <span class='ocrx_word' id='word_1_141' title='bbox 1237 1491 1326 1537; x_wconf 89' lang='lat' dir='ltr'>hoc</span> <span class='ocrx_word' id='word_1_142' title='bbox 1353 1491 1544 1554; x_wconf 86' lang='lat' dir='ltr'>quidem</span> <span class='ocrx_word' id='word_1_143' title='bbox 1569 1491 1790 1538; x_wconf 87' lang='lat' dir='ltr'>effectum</span> <span class='ocrx_word' id='word_1_144' title='bbox 1814 1493 1886 1548; x_wconf 87' lang='lat' dir='ltr'>sit,</span> <span class='ocrx_word' id='word_1_145' title='bbox 1913 1493 1955 1540; x_wconf 90' lang='lat' dir='ltr'>in</span> 
     </span>
     <span class='ocr_line' id='line_1_17' title="bbox 337 1566 1956 1630; baseline 0.002 -18"><span class='ocrx_word' id='word_1_146' title='bbox 337 1566 496 1612; x_wconf 90' lang='lat' dir='ltr'>officiis</span> <span class='ocrx_word' id='word_1_147' title='bbox 522 1566 783 1630; x_wconf 83' lang='lat' dir='ltr'>deligendis</span> <span class='ocrx_word' id='word_1_148' title='bbox 808 1566 856 1612; x_wconf 91' lang='lat' dir='ltr'>id</span> <span class='ocrx_word' id='word_1_149' title='bbox 881 1582 1032 1630; x_wconf 85' lang='lat' dir='ltr'>genus</span> <span class='ocrx_word' id='word_1_150' title='bbox 1070 1566 1327 1612; x_wconf 87' lang='lat' dir='ltr'>officiorum</span> <span class='ocrx_word' id='word_1_151' title='bbox 1364 1566 1607 1622; x_wconf 84' lang='lat' dir='ltr'>excellere,</span> <span class='ocrx_word' id='word_1_152' title='bbox 1635 1566 1764 1629; x_wconf 92' lang='lat' dir='ltr'>quod</span> <span class='ocrx_word' id='word_1_153' title='bbox 1799 1572 1956 1615; x_wconf 82' lang='lat' dir='ltr'>tenea-</span> 
     </span>
     <span class='ocr_line' id='line_1_18' title="bbox 284 1641 1956 1705; baseline 0.002 -18"><span class='ocrx_word' id='word_1_154' title='bbox 284 1646 310 1687; x_wconf 86' lang='lat'>6</span> <span class='ocrx_word' id='word_1_155' title='bbox 337 1647 414 1687; x_wconf 89' lang='lat' dir='ltr'>tur</span> <span class='ocrx_word' id='word_1_156' title='bbox 437 1642 680 1687; x_wconf 88' lang='lat' dir='ltr'>hominum</span> <span class='ocrx_word' id='word_1_157' title='bbox 706 1642 944 1689; x_wconf 80' lang='lat' dir='ltr'>societate.</span> <span class='ocrx_word' id='word_1_158' title='bbox 1000 1641 1190 1687; x_wconf 89' lang='lat' dir='ltr'>Etenim</span> <span class='ocrx_word' id='word_1_159' title='bbox 1217 1641 1533 1705; x_wconf 80' lang='lat' dir='ltr'>cognitionem</span> <span class='ocrx_word' id='word_1_160' title='bbox 1561 1641 1956 1705; x_wconf 87' lang='lat' dir='ltr'>prudentiamque</span> 
     </span>
     <span class='ocr_line' id='line_1_19' title="bbox 337 1716 1956 1781; baseline 0.001 -19"><span class='ocrx_word' id='word_1_161' title='bbox 337 1717 549 1779; x_wconf 88' lang='lat' dir='ltr'>sequitur</span> <span class='ocrx_word' id='word_1_162' title='bbox 568 1717 865 1763; x_wconf 83' lang='lat' dir='ltr'>considerata</span> <span class='ocrx_word' id='word_1_163' title='bbox 885 1716 1022 1763; x_wconf 84' lang='lat' dir='ltr'>actio.</span> <span class='ocrx_word' id='word_1_164' title='bbox 1079 1717 1156 1762; x_wconf 84' lang='lat' dir='ltr'>Ita</span> <span class='ocrx_word' id='word_1_165' title='bbox 1176 1717 1242 1772; x_wconf 89' lang='lat' dir='ltr'>fit,</span> <span class='ocrx_word' id='word_1_166' title='bbox 1264 1724 1318 1763; x_wconf 90' lang='lat' dir='ltr'>ut</span> <span class='ocrx_word' id='word_1_167' title='bbox 1336 1732 1477 1780; x_wconf 85' lang='lat' dir='ltr'>agere</span> <span class='ocrx_word' id='word_1_168' title='bbox 1497 1717 1792 1764; x_wconf 84' lang='lat' dir='ltr'>considerate</span> <span class='ocrx_word' id='word_1_169' title='bbox 1812 1718 1956 1781; x_wconf 84' lang='lat' dir='ltr'>pluris</span> 
     </span>
     <span class='ocr_line' id='line_1_20' title="bbox 285 1791 1954 1856; baseline 0.001 -19"><span class='ocrx_word' id='word_1_170' title='bbox 285 1792 309 1838; x_wconf 84' lang='lat'><strong>7</strong></span> <span class='ocrx_word' id='word_1_171' title='bbox 337 1791 414 1846; x_wconf 84' lang='lat' dir='ltr'>sit,</span> <span class='ocrx_word' id='word_1_172' title='bbox 435 1808 577 1854; x_wconf 86' lang='lat' dir='ltr'>quam</span> <span class='ocrx_word' id='word_1_173' title='bbox 605 1792 814 1856; x_wconf 80' lang='lat' dir='ltr'>cogitare</span> <span class='ocrx_word' id='word_1_174' title='bbox 843 1792 1114 1855; x_wconf 82' lang='lat' dir='ltr'>prudenter.</span> <span class='ocrx_word' id='word_1_175' title='bbox 1175 1792 1340 1855; x_wconf 83' lang='lat' dir='ltr'>Atque</span> <span class='ocrx_word' id='word_1_176' title='bbox 1366 1793 1466 1838; x_wconf 81' lang='lat' dir='ltr'>haec</span> <span class='ocrx_word' id='word_1_177' title='bbox 1492 1792 1685 1854; x_wconf 87' lang='lat' dir='ltr'>quidem</span> <span class='ocrx_word' id='word_1_178' title='bbox 1709 1793 1954 1840; x_wconf 84' lang='lat' dir='ltr'>hactenus.</span> 
     </span>
     <span class='ocr_line' id='line_1_21' title="bbox 336 1867 1956 1931; baseline 0.001 -18"><span class='ocrx_word' id='word_1_179' title='bbox 336 1867 613 1913; x_wconf 80' lang='lat' dir='ltr'>Patefactus</span> <span class='ocrx_word' id='word_1_180' title='bbox 649 1874 722 1914; x_wconf 89' lang='lat' dir='ltr'>est</span> <span class='ocrx_word' id='word_1_181' title='bbox 757 1867 880 1913; x_wconf 89' lang='lat' dir='ltr'>enim</span> <span class='ocrx_word' id='word_1_182' title='bbox 914 1867 1046 1913; x_wconf 89' lang='lat' dir='ltr'>locus</span> <span class='ocrx_word' id='word_1_183' title='bbox 1082 1867 1196 1930; x_wconf 85' lang='lat' dir='ltr'>ipsc,</span> <span class='ocrx_word' id='word_1_184' title='bbox 1225 1874 1278 1913; x_wconf 88' lang='lat' dir='ltr'>ut</span> <span class='ocrx_word' id='word_1_185' title='bbox 1302 1884 1395 1913; x_wconf 89' lang='lat' dir='ltr'>non</span> <span class='ocrx_word' id='word_1_186' title='bbox 1430 1867 1490 1914; x_wconf 89' lang='lat' dir='ltr'>sit</span> <span class='ocrx_word' id='word_1_187' title='bbox 1515 1867 1702 1914; x_wconf 86' lang='lat' dir='ltr'>difficile</span> <span class='ocrx_word' id='word_1_188' title='bbox 1726 1868 1772 1915; x_wconf 92' lang='lat' dir='ltr'>in</span> <span class='ocrx_word' id='word_1_189' title='bbox 1797 1868 1956 1931; x_wconf 84' lang='lat' dir='ltr'>exqui-</span> 
     </span>
     <span class='ocr_line' id='line_1_22' title="bbox 285 1942 1955 2006; baseline 0.001 -18"><span class='ocrx_word' id='word_1_190' title='bbox 285 1948 311 1988; x_wconf 84' lang='lat'>8</span> <span class='ocrx_word' id='word_1_191' title='bbox 337 1942 484 1988; x_wconf 89' lang='lat' dir='ltr'>rendo</span> <span class='ocrx_word' id='word_1_192' title='bbox 526 1942 690 1997; x_wconf 90' lang='lat' dir='ltr'>officio,</span> <span class='ocrx_word' id='word_1_193' title='bbox 734 1942 849 2005; x_wconf 85' lang='lat' dir='ltr'>quid</span> <span class='ocrx_word' id='word_1_194' title='bbox 891 1942 1059 2005; x_wconf 88' lang='lat' dir='ltr'>cuique</span> <span class='ocrx_word' id='word_1_195' title='bbox 1106 1942 1166 1989; x_wconf 89' lang='lat' dir='ltr'>sit</span> <span class='ocrx_word' id='word_1_196' title='bbox 1219 1942 1613 2006; x_wconf 74' lang='lat' dir='ltr'>praeponendum,</span> <span class='ocrx_word' id='word_1_197' title='bbox 1655 1943 1830 1990; x_wconf 89' lang='lat' dir='ltr'>videre.</span> <span class='ocrx_word' id='word_1_198' title='bbox 1900 1944 1955 1990; x_wconf 91' lang='lat' dir='ltr'>In</span> 
     </span>
     <span class='ocr_line' id='line_1_23' title="bbox 336 2017 1955 2081; baseline 0.001 -18"><span class='ocrx_word' id='word_1_199' title='bbox 336 2017 438 2080; x_wconf 83' lang='lat' dir='ltr'>ipsa</span> <span class='ocrx_word' id='word_1_200' title='bbox 462 2023 622 2064; x_wconf 83' lang='lat' dir='ltr'>autem</span> <span class='ocrx_word' id='word_1_201' title='bbox 650 2017 987 2064; x_wconf 84' lang='lat' dir='ltr'>communitate</span> <span class='ocrx_word' id='word_1_202' title='bbox 1013 2023 1122 2064; x_wconf 92' lang='lat' dir='ltr'>sunt</span> <span class='ocrx_word' id='word_1_203' title='bbox 1157 2017 1336 2081; x_wconf 83' lang='lat' dir='ltr'>gradus</span> <span class='ocrx_word' id='word_1_204' title='bbox 1362 2018 1649 2065; x_wconf 86' lang='lat' dir='ltr'>officiorum:</span> <span class='ocrx_word' id='word_1_205' title='bbox 1688 2034 1746 2065; x_wconf 85' lang='lat' dir='ltr'>ex</span> <span class='ocrx_word' id='word_1_206' title='bbox 1770 2017 1955 2081; x_wconf 88' lang='lat' dir='ltr'>quibus,</span> 
     </span>
     <span class='ocr_line' id='line_1_24' title="bbox 337 2092 1955 2157; baseline 0.001 -18"><span class='ocrx_word' id='word_1_207' title='bbox 337 2092 451 2155; x_wconf 89' lang='lat' dir='ltr'>quid</span> <span class='ocrx_word' id='word_1_208' title='bbox 476 2092 644 2156; x_wconf 83' lang='lat' dir='ltr'>cuique</span> <span class='ocrx_word' id='word_1_209' title='bbox 670 2098 879 2156; x_wconf 68' lang='lat' dir='ltr'>praestet,</span> <span class='ocrx_word' id='word_1_210' title='bbox 906 2092 1104 2156; x_wconf 85' lang='lat' dir='ltr'>intelligi</span> <span class='ocrx_word' id='word_1_211' title='bbox 1129 2093 1304 2156; x_wconf 84' lang='lat' dir='ltr'>possit:</span> <span class='ocrx_word' id='word_1_212' title='bbox 1339 2100 1394 2140; x_wconf 91' lang='lat' dir='ltr'>ut</span> <span class='ocrx_word' id='word_1_213' title='bbox 1417 2093 1569 2157; x_wconf 86' lang='lat' dir='ltr'>prima</span> <span class='ocrx_word' id='word_1_214' title='bbox 1594 2093 1681 2140; x_wconf 91' lang='lat' dir='ltr'>diis</span> <span class='ocrx_word' id='word_1_215' title='bbox 1716 2093 1955 2140; x_wconf 82' lang='lat' dir='ltr'>immorta-</span> 
     </span>
     <span class='ocr_line' id='line_1_25' title="bbox 338 2168 1954 2232; baseline 0.001 -18"><span class='ocrx_word' id='word_1_216' title='bbox 338 2168 474 2222; x_wconf 92' lang='lat' dir='ltr'>libus,</span> <span class='ocrx_word' id='word_1_217' title='bbox 502 2168 711 2215; x_wconf 81' lang='lat' dir='ltr'>secunda</span> <span class='ocrx_word' id='word_1_218' title='bbox 746 2168 928 2231; x_wconf 71' lang='lat' dir='ltr'>patriae,</span> <span class='ocrx_word' id='word_1_219' title='bbox 967 2168 1105 2214; x_wconf 85' lang='lat' dir='ltr'>tertia</span> <span class='ocrx_word' id='word_1_220' title='bbox 1142 2168 1433 2230; x_wconf 83' lang='lat' dir='ltr'>parentibus,</span> <span class='ocrx_word' id='word_1_221' title='bbox 1460 2168 1681 2232; x_wconf 88' lang='lat' dir='ltr'>deinceps</span> <span class='ocrx_word' id='word_1_222' title='bbox 1717 2168 1954 2232; x_wconf 83' lang='lat' dir='ltr'>gradatim</span> 
     </span>
     <span class='ocr_line' id='line_1_26' title="bbox 286 2242 1955 2307; baseline 0 -18"><span class='ocrx_word' id='word_1_223' title='bbox 286 2248 311 2289; x_wconf 89' lang='lat'><strong>9</strong></span> <span class='ocrx_word' id='word_1_224' title='bbox 337 2242 525 2305; x_wconf 77' lang='lat' dir='ltr'>reliquis</span> <span class='ocrx_word' id='word_1_225' title='bbox 551 2242 829 2289; x_wconf 83' lang='lat' dir='ltr'>debeantur.</span> <span class='ocrx_word' id='word_1_226' title='bbox 903 2243 1086 2299; x_wconf 79' lang='lat' dir='ltr'>Quibus</span> <span class='ocrx_word' id='word_1_227' title='bbox 1112 2258 1170 2288; x_wconf 89' lang='lat' dir='ltr'>ex</span> <span class='ocrx_word' id='word_1_228' title='bbox 1194 2243 1336 2289; x_wconf 84' lang='lat' dir='ltr'>rebus</span> <span class='ocrx_word' id='word_1_229' title='bbox 1362 2243 1565 2290; x_wconf 87' lang='lat' dir='ltr'>breviter</span> <span class='ocrx_word' id='word_1_230' title='bbox 1600 2243 1854 2307; x_wconf 85' lang='lat' dir='ltr'>disputatis</span> <span class='ocrx_word' id='word_1_231' title='bbox 1889 2243 1955 2289; x_wconf 92' lang='lat' dir='ltr'>in-</span> 
     </span>
     <span class='ocr_line' id='line_1_27' title="bbox 338 2317 1956 2381; baseline 0.002 -18"><span class='ocrx_word' id='word_1_232' title='bbox 338 2317 486 2381; x_wconf 86' lang='lat' dir='ltr'>telligi</span> <span class='ocrx_word' id='word_1_233' title='bbox 512 2322 685 2381; x_wconf 90' lang='lat' dir='ltr'>potest,</span> <span class='ocrx_word' id='word_1_234' title='bbox 714 2334 806 2363; x_wconf 93' lang='lat' dir='ltr'>non</span> <span class='ocrx_word' id='word_1_235' title='bbox 843 2317 996 2363; x_wconf 89' lang='lat' dir='ltr'>solum</span> <span class='ocrx_word' id='word_1_236' title='bbox 1032 2317 1080 2363; x_wconf 92' lang='lat' dir='ltr'>id</span> <span class='ocrx_word' id='word_1_237' title='bbox 1115 2317 1328 2364; x_wconf 87' lang='lat' dir='ltr'>homines</span> <span class='ocrx_word' id='word_1_238' title='bbox 1366 2318 1515 2364; x_wconf 85' lang='lat' dir='ltr'>solere</span> <span class='ocrx_word' id='word_1_239' title='bbox 1553 2318 1786 2374; x_wconf 80' lang='lat' dir='ltr'>dubitare,</span> <span class='ocrx_word' id='word_1_240' title='bbox 1812 2319 1956 2366; x_wconf 84' lang='lat' dir='ltr'>hone·</span> 
     </span>
     <span class='ocr_line' id='line_1_28' title="bbox 339 2392 1954 2457; baseline 0.001 -18"><span class='ocrx_word' id='word_1_241' title='bbox 339 2399 541 2447; x_wconf 86' lang='lat' dir='ltr'>stumne,</span> <span class='ocrx_word' id='word_1_242' title='bbox 566 2409 627 2438; x_wconf 86' lang='lat' dir='ltr'>an</span> <span class='ocrx_word' id='word_1_243' title='bbox 650 2398 789 2456; x_wconf 88' lang='lat' dir='ltr'>turpe</span> <span class='ocrx_word' id='word_1_244' title='bbox 815 2393 901 2439; x_wconf 86' lang='lat' dir='ltr'>sit:</span> <span class='ocrx_word' id='word_1_245' title='bbox 939 2392 1023 2438; x_wconf 90' lang='lat' dir='ltr'>sed</span> <span class='ocrx_word' id='word_1_246' title='bbox 1059 2392 1215 2447; x_wconf 81' lang='lat' dir='ltr'>etiam,</span> <span class='ocrx_word' id='word_1_247' title='bbox 1244 2392 1433 2440; x_wconf 88' lang='lat' dir='ltr'>duobus</span> <span class='ocrx_word' id='word_1_248' title='bbox 1458 2393 1708 2457; x_wconf 84' lang='lat' dir='ltr'>propositis</span> <span class='ocrx_word' id='word_1_249' title='bbox 1732 2394 1954 2449; x_wconf 83' lang='lat' dir='ltr'>honestis,</span> 
     </span>
     <span class='ocr_line' id='line_1_29' title="bbox 261 2467 1952 2531; baseline 0.001 -16"><span class='ocrx_word' id='word_1_250' title='bbox 261 2472 314 2515; x_wconf 81' lang='lat'>10</span> <span class='ocrx_word' id='word_1_251' title='bbox 341 2474 500 2515; x_wconf 92' lang='lat' dir='ltr'>utrum</span> <span class='ocrx_word' id='word_1_252' title='bbox 537 2468 796 2514; x_wconf 88' lang='lat' dir='ltr'>honestius.</span> <span class='ocrx_word' id='word_1_253' title='bbox 868 2467 958 2514; x_wconf 92' lang='lat' dir='ltr'>Hic</span> <span class='ocrx_word' id='word_1_254' title='bbox 997 2468 1130 2514; x_wconf 88' lang='lat' dir='ltr'>locus</span> <span class='ocrx_word' id='word_1_255' title='bbox 1166 2483 1193 2513; x_wconf 86' lang='lat' dir='ltr'>a</span> <span class='ocrx_word' id='word_1_256' title='bbox 1228 2467 1440 2514; x_wconf 83' lang='lat' dir='ltr'>Panaetio</span> <span class='ocrx_word' id='word_1_257' title='bbox 1466 2473 1550 2523; x_wconf 90' lang='lat' dir='ltr'>est,</span> <span class='ocrx_word' id='word_1_258' title='bbox 1577 2474 1630 2514; x_wconf 89' lang='lat' dir='ltr'>ut</span> <span class='ocrx_word' id='word_1_259' title='bbox 1666 2485 1809 2531; x_wconf 83' lang='lat' dir='ltr'>supra</span> <span class='ocrx_word' id='word_1_260' title='bbox 1847 2469 1952 2523; x_wconf 69' lang='lat' dir='ltr'>dim‘,</span> 
     </span>
     <span class='ocr_line' id='line_1_30' title="bbox 343 2543 1597 2608; baseline 0.002 -19"><span class='ocrx_word' id='word_1_261' title='bbox 343 2543 710 2606; x_wconf 72' lang='lat' dir='ltr'>praetermissus.</span> <span class='ocrx_word' id='word_1_262' title='bbox 784 2543 881 2589; x_wconf 82' lang='lat' dir='ltr'>Sed</span> <span class='ocrx_word' id='word_1_263' title='bbox 902 2543 1003 2608; x_wconf 84' lang='lat' dir='ltr'>jam</span> <span class='ocrx_word' id='word_1_264' title='bbox 1030 2543 1091 2589; x_wconf 83' lang='lat' dir='ltr'>ad</span> <span class='ocrx_word' id='word_1_265' title='bbox 1117 2543 1294 2607; x_wconf 66' lang='lat' dir='ltr'>reliqua</span> <span class='ocrx_word' id='word_1_266' title='bbox 1322 2559 1597 2606; x_wconf 74' lang='lat' dir='ltr'>pergamus·</span> 
     </span>
    </p>
   </div>
  </div>
 </body>
</html>
