2054 3470
288 213 347 254 42
971 222 1031 251 DE
1071 222 1280 251 orrions

318 335 345 378 9
375 336 481 385 tem,
508 346 650 393 quam
686 330 764 375 illa
802 331 984 392 perpeti
1022 329 1274 375 maluisset.
1349 329 1468 384 Quae
1504 327 1879 389 contemplantes
1904 341 1972 372 ex-

370 405 575 469 pendere
600 405 850 468 oportebit,
872 404 985 466 quid
1011 403 1209 466 quisque
1233 404 1409 449 habeat
1434 403 1530 449 sui:
1559 418 1707 464 eaque
1732 400 1980 455 moderari,

369 497 454 526 nec
474 479 591 526 velle
617 479 826 541 experiri,
848 495 990 541 quam
1014 494 1063 524 se
1088 479 1238 524 aliena
1263 478 1476 524 deceant.
1546 477 1605 523 Id
1632 476 1756 522 enim
1780 475 1980 521 maxime

288 560 343 602 10
369 569 604 619 quemque
640 553 791 608 decet,
819 553 947 616 quod
983 559 1055 599 est
1093 553 1323 616 cujusque
1361 552 1565 598 maxime
1604 568 1757 597 suum.
1830 550 1980 596 Suum

369 630 566 693 quisque
602 629 744 693 igitur
778 634 944 674 noscat
978 627 1230 691 ingenium,
1258 642 1507 689 acremque
1533 642 1581 672 se
1607 632 1654 672 et
1679 627 1908 672 bonorum
1935 631 1980 670 et

368 705 585 751 vitiorum
627 720 819 749 suorum
855 703 1064 766 judicem
1106 703 1334 764 praebeat,
1371 717 1429 747 ne
1471 700 1641 747 scenici
1682 701 1802 763 plus,
1841 716 1979 762 quam

285 785 340 828 11
368 795 467 834 nos,
504 778 752 825 videantur
788 778 964 824 habere
1003 776 1285 840 prudentiae.
1355 776 1431 822 Illi
1469 775 1592 822 enim
1629 791 1722 821 non
1760 774 1978 837 optimas,

368 854 451 902 sed
476 853 561 900 sibi
586 852 1096 900 accommodatissimas
1132 851 1317 897 fabulas
1352 850 1543 914 eligunt.
1616 850 1707 906 Qui
1730 864 1845 896 voce
1875 847 1980 895 freti

367 935 491 985 sunt,
534 928 777 992 Epigonos
819 927 1138 989 Medumque:
1176 925 1256 988 qui
1297 931 1451 988 gestu,
1496 924 1829 987 Melanippam,
1869 923 1977 985 Cly-

367 1010 712 1051 taemnestram:
750 1018 938 1064 semper
977 1001 1209 1064 Rupilius,
1255 1016 1396 1062 quem
1439 1015 1528 1063 ego
1570 999 1774 1053 memini,
1812 998 1979 1044 Antio-

286 1086 340 1127 12
369 1094 508 1142 pam;
545 1094 636 1123 non
662 1092 789 1140 saepe
815 1078 1029 1139 AEsopus
1054 1075 1271 1139 Ajacem.
1341 1074 1470 1138 Ergo
1502 1074 1665 1121 histrio
1689 1075 1779 1120 hoc
1803 1073 1981 1120 videbit

367 1155 412 1202 in
437 1168 589 1207 scena,
616 1169 710 1198 non
735 1152 913 1199 videbit
938 1151 1122 1214 sapiens
1142 1150 1212 1197 vir
1234 1149 1280 1196 in
1304 1149 1436 1195 vita?
1486 1149 1570 1196 Ad
1598 1165 1714 1212 quas
1740 1149 1883 1213 igitur
1906 1164 1980 1195 res

368 1227 595 1293 aptissimi
631 1228 816 1282 erimus,
843 1227 890 1273 in
925 1227 977 1273 iis
1015 1225 1309 1289 potissimum
1349 1225 1706 1271 elaborabimus.
1779 1224 1860 1270 Sin
1899 1224 1977 1270 ali-

367 1305 557 1368 quando
595 1303 848 1350 necessitas
885 1318 970 1348 nos
1005 1301 1066 1347 ad
1102 1316 1156 1346 ea
1192 1300 1457 1354 detruserit,
1486 1315 1593 1362 quae
1628 1299 1775 1345 nostri
1809 1299 1978 1362 ingenii

362 1396 461 1427 vnon
484 1386 635 1435 erunt,
662 1378 809 1425 omnis
845 1375 1114 1423 adhibenda
1152 1375 1238 1421 erit
1273 1390 1398 1429 cura,
1435 1374 1691 1428 meditatio,
1726 1373 1978 1437 diligentia,

367 1463 421 1503 ut
445 1473 513 1511 ea,
541 1456 578 1503 si
602 1471 694 1501 non
731 1453 913 1507 decore,
941 1457 989 1498 at
1024 1467 1168 1514 quam
1203 1450 1391 1496 minime
1429 1449 1646 1495 indecore
1684 1449 1837 1495 facere
1873 1465 1975 1512 pos-

291 1538 340 1579 13
369 1532 527 1579 simus.
597 1531 700 1577 Nec
738 1535 836 1575 tam
874 1536 945 1574 est
980 1526 1265 1579 enitendum,
1293 1530 1346 1570 ut
1383 1525 1519 1578 bona,
1557 1540 1661 1587 quae
1698 1524 1831 1570 nobis
1870 1524 1978 1570 data

364 1624 461 1653 non
485 1606 592 1662 sint,
619 1620 885 1668 sequamur,
913 1619 1056 1666 quam
1081 1607 1134 1648 ut
1159 1600 1269 1647 vitia
1293 1599 1546 1662 fugiamus.

433 1757 638 1803 XXXII.
665 1755 740 1801 Ac
761 1753 946 1800 duabus
965 1752 1036 1798 his
1063 1749 1287 1815 personiS,
1309 1765 1426 1812 quas
1447 1766 1590 1812 supra
1611 1750 1717 1805 dixi,
1742 1750 1878 1796 tertia
1898 1749 1978 1795 ad-

365 1833 595 1896 jungitur,
613 1846 755 1893 quam
775 1845 911 1875 casus
928 1827 1068 1890 aliqui
1087 1832 1170 1872 aut
1188 1832 1379 1888 tempus
1395 1825 1618 1888 imponit:
1646 1831 1812 1887 quarta
1826 1825 1979 1878 etiam,

316 1915 342 1955 2
371 1924 515 1971 quam
549 1906 783 1953 nobismet
817 1903 906 1967 ipsi
944 1902 1121 1966 judicio
1156 1906 1318 1948 nostro
1356 1900 1784 1947 accommodamus.
1856 1899 1980 1946 Nam

368 1998 529 2046 regna,
572 1979 784 2043 imperia,
827 1978 1110 2032 nobilitates,
1151 1977 1369 2033 honores,
1410 1975 1602 2029 divitiae,
1647 1991 1776 2038 opes,
1818 1990 1979 2037 eaque,

369 2074 477 2121 quae
515 2062 624 2103 sunt
658 2055 731 2101 his
767 2053 1011 2107 contraria,
1036 2052 1083 2098 in
1116 2068 1229 2098 casu
1260 2053 1362 2107 sita,
1388 2050 1679 2113 temporibus
1714 2050 1981 2114 gubernan-

316 2140 343 2180 3
370 2140 459 2180 tur.
520 2130 620 2194 Ipsi
643 2135 803 2176 autem
829 2144 992 2192 gerere
1011 2143 1155 2189 quam
1179 2143 1210 2189 p
1228 2142 1252 2172 e
1269 2144 1292 2172 r
1307 2143 1328 2172 s
1342 2143 1369 2173 o
1385 2143 1415 2172 n
1432 2142 1459 2172 a
1474 2143 1521 2172 m
1545 2125 1756 2180 velimuS,
1778 2141 1805 2170 a
1822 2130 1981 2171 nostra

370 2209 610 2255 voluntate
648 2204 971 2268 proficiscitur.
1042 2203 1213 2264 Itaque
1238 2217 1288 2248 se
1320 2202 1396 2248 alii
1426 2201 1487 2247 ad
1520 2200 1880 2264 philosophiam,
1908 2200 1980 2246 alii

371 2283 431 2329 ad
452 2283 530 2346 jus
557 2280 702 2334 civile,
728 2279 804 2324 alii
827 2278 887 2324 ad
913 2277 1227 2340 eloquentiam
1260 2276 1499 2339 applicant
1520 2292 1530 2330 3
1566 2275 1869 2338 ipsarumque
1893 2275 1979 2322 vir·

319 2364 345 2405 4
373 2364 530 2404 tutum
566 2356 613 2401 in
650 2354 740 2400 alia
771 2353 888 2399 alius
922 2352 1103 2398 mavult
1138 2352 1380 2398 excellere.
1451 2351 1664 2407 Quorum
1689 2365 1800 2396 vero
1825 2355 1983 2413 patres

373 2438 455 2479 aut
478 2431 679 2494 majores
704 2429 860 2491 aliqua
893 2427 1041 2491 gloria
1073 2426 1407 2490 praestiterunt,
1433 2425 1463 2471 ii
1487 2425 1681 2471 student
1705 2425 1982 2488 plerumque

374 2507 541 2555 eodem
577 2506 622 2552 in
663 2520 834 2569 genere
869 2502 1021 2549 laudis
1057 2501 1311 2549 excellere:
1355 2506 1409 2547 ut
1446 2502 1500 2557 Q.
1537 2500 1735 2556 Mucius,
1766 2500 1821 2548 P.
1842 2500 1912 2555 F„
1938 2504 1984 2547 in

324 2591 348 2632 5
371 2583 477 2647 jure
513 2581 660 2636 civili;
706 2579 861 2626 Paulli
901 2578 1020 2624 filius
1055 2577 1309 2624 Africanus
1344 2579 1390 2625 in
1424 2593 1474 2623 re
1509 2575 1710 2624 militari.
1781 2575 1980 2632 Quidam

375 2663 534 2716 autem
554 2656 614 2702 ad
640 2671 718 2701 eas
742 2654 921 2708 laudes,
943 2669 1060 2715 quas
1084 2668 1112 2697 a
1137 2653 1348 2714 patribus
1374 2656 1674 2715 acceperunt,
1694 2649 1877 2697 addunt
1901 2650 1982 2696 ali-

375 2748 517 2795 quam
539 2745 699 2776 suam:
737 2735 791 2775 ut
814 2729 888 2775 hic
913 2728 1038 2774 idem
1057 2727 1309 2773 Africanus
1330 2725 1594 2789 eloquentia
1613 2724 1868 2772 cumulavit
1884 2722 1980 2771 bel-

377 2807 512 2854 licam
547 2805 757 2868 gloriam,
796 2803 924 2865 quod
962 2802 1086 2848 idem
1124 2802 1234 2848 fecit
1272 2803 1560 2856 Timotheus,
1605 2800 1809 2846 Cononis
1846 2799 1982 2853 filius,

377 2881 471 2944 qui,
508 2897 616 2927 cum
651 2879 760 2926 belli
800 2878 940 2924 laude
981 2893 1074 2923 non
1113 2876 1302 2923 inferior
1342 2876 1522 2930 fuisset,
1559 2891 1702 2937 quam
1737 2879 1886 2936 pater,
1923 2872 1983 2919 ad

326 2961 354 3004 6
378 2973 482 3002 eam
504 2955 696 3002 laudem
722 2953 947 2999 doctrinae
972 2958 1019 2998 et
1043 2952 1216 3015 ingenii
1244 2952 1442 3014 gloriam
1469 2950 1656 3013 adjecit.
1726 2948 1803 2995 Fit
1826 2954 1982 2995 autem

380 3031 615 3077 interdum
663 3034 716 3074 ut
763 3027 984 3074 nonnulli.
1035 3027 1206 3073 omissa
1253 3026 1508 3072 imitatione
1555 3024 1804 3086 majorum,
1847 3039 1981 3069 suum
