2054 3470
671 253 810 282 LIBER
836 253 906 282 111.
978 253 1086 283 CAP.
1115 254 1158 282 x.
1698 237 1754 283 9⁶0⁸

65 363 103 409 si
129 363 301 409 habeat
326 361 523 425 sapiens,
550 360 691 406 nihilo
716 360 824 423 plus
860 360 948 406 sibi
971 359 1108 406 licere
1134 365 1270 422 putet
1296 374 1505 421 peccare,
1533 373 1675 421 quam

67 437 100 483 si
127 453 219 482 non
243 437 450 482 haberet.
521 435 734 480 Honesta
759 435 882 480 enim
915 434 1047 480 bonis
1072 434 1194 488 viris,
1219 450 1312 479 non
1337 433 1523 479 occulta
1547 448 1672 495 quae·

67 517 243 556 runtur.
314 511 477 572 Atque
502 510 591 555 1100
616 509 718 554 1000
744 508 1012 571 philosophi
1035 508 1239 571 quidam,
1266 507 1453 553 minime
1477 507 1675 553 mali2illi
1701 515 1727 554 5

64 585 267 648 quidem,
286 584 369 630 sed
395 600 486 629 non
511 584 621 629 satis
648 584 787 637 acuti,
811 584 970 629 fictam
995 589 1042 628 et
1068 582 1441 629 commenticiam
1466 582 1674 629 fabulam

68 661 300 720 prolatam
341 659 502 704 dicunt
541 673 568 702 a
605 658 831 704 Platone:
870 658 1003 720 quasi
1028 673 1138 703 vero
1174 657 1265 712 ille,
1293 662 1376 702 aut
1411 657 1590 703 factum
1628 657 1675 702 id

67 749 182 788 0150,
209 739 291 779 aut
323 733 421 780 fieri
459 732 668 796 potuisse
707 732 945 779 defendat.
1017 732 1138 778 Haec
1176 737 1248 778 est
1273 732 1341 778 vis
1375 732 1520 794 hujus
1553 732 1677 777 anuli
1704 737 1730 777 6

65 815 115 856 et
150 809 293 871 hujus
331 808 548 870 exempli,
586 807 625 853 si
658 822 796 852 nemo
835 807 1050 861 sciturus,
1085 823 1224 852 nemo
1259 822 1318 852 ne
1354 806 1676 868 suspicaturus

64 883 256 946 quidem
292 882 364 937 sit,
399 899 507 928 cum
545 881 721 943 aliquid
761 881 1040 935 divitiarum,
1068 881 1305 943 potentiae,
1334 881 1674 935 dominationis,

61 954 264 1005 libidinis
304 973 446 1003 causa
482 957 660 1010 feceris,
690 956 726 1002 si
761 956 808 1002 id
845 956 931 1001 diis
969 956 1331 1019 hominibusque
1370 956 1584 1002 futurum
1620 956 1679 1001 sit

67 1047 253 1098 semper
267 1033 493 1095 ignotum,
512 1031 632 1077 sisne
651 1031 875 1077 facturus.
925 1031 1119 1094 Negant
1134 1031 1181 1076 id
1197 1031 1296 1076 fieri
1313 1046 1464 1094 posse.
1503 1031 1676 1086 Quam·
1706 1032 1730 1077 7

64 1123 208 1171 quam
247 1112 403 1169 potest
427 1106 474 1151 id
500 1105 716 1167 quidem:
755 1105 839 1150 sed
875 1121 1049 1167 quaero,
1077 1106 1205 1168 quod
1240 1112 1418 1169 negant
1451 1121 1603 1168 posse,
1629 1106 1677 1151 id

67 1183 105 1227 si
130 1187 303 1243 posset,
331 1181 557 1242 quidnam
580 1180 788 1240 facerent
809 1181 829 1226 ἱ)
902 1181 1087 1243 Urgent
1121 1181 1295 1226 rustice
1320 1196 1432 1226 sane
1454 1196 1462 1227 ε
1501 1187 1677 1244 negant
1707 1186 1732 1227 8'

68 1257 190 1302 enim
215 1271 365 1318 posse,
394 1261 441 1300 et
464 1254 510 1300 in
534 1270 589 1300 00
614 1260 841 1317 perstant.
913 1255 1017 1301 Hoc
1042 1255 1236 1302 verbum
1256 1255 1369 1317 quid
1393 1256 1560 1310 valeat,
1586 1272 1678 1301 non

68 1331 238 1376 vident.
312 1330 433 1375 Cum
458 1329 579 1375 enim
616 1329 884 1392 quaerimus,
913 1329 952 1375 si
977 1330 1126 1375 celare
1153 1330 1346 1392 possint,
1372 1330 1486 1392 quid
1510 1330 1680 1376 facturi
1707 1336 1733 1377 9

69 1405 171 1460 sint,
190 1421 282 1451 non
306 1404 575 1467 quaerimus,
594 1404 833 1467 possintne
860 1404 1040 1458 celare;
1067 1404 1151 1450 sed
1178 1411 1421 1467 tamquam
1445 1410 1680 1451 tormenta

69 1480 289 1542 quaedam
325 1479 617 1534 adhibemus,
644 1485 712 1533 ut,
740 1479 777 1525 si
800 1479 1144 1541 responderint,
1171 1495 1235 1534 se,
1262 1479 1546 1542 impunitate
1572 1497 1678 1543 pro-

70 1556 234 1618 posita,
260 1555 465 1601 facturos
490 1553 618 1616 quod
643 1554 878 1616 expediat,
900 1554 1185 1601 facinorosos
1212 1571 1261 1601 se
1287 1570 1389 1600 esse
1414 1555 1676 1602 fateantur:

69 1630 107 1676 si
129 1636 317 1693 negent,
345 1629 498 1676 omnia
523 1629 678 1691 turpia
704 1645 788 1692 per
813 1645 862 1675 se
886 1629 989 1692 ipsa
1025 1630 1250 1693 fugienda
1276 1646 1377 1676 esse
1404 1631 1676 1678 concedant.

70 1705 166 1751 Sed
187 1705 286 1768 jam
313 1705 374 1750 ad
400 1704 695 1767 propositum
720 1710 1024 1751 revertamur.
1073 1759 1079 1765 ,

135 1854 192 1901 Χ.
231 1854 451 1900 Incidunt
491 1855 655 1900 multae
686 1871 813 1917 saepe
840 1871 1010 1910 causae,
1038 1873 1145 1918 quae
1183 1858 1464 1904 conturbent
1501 1858 1681 1905 animos

70 1929 280 1975 utilitatis
304 1929 487 1992 specie;
526 1946 636 1984 non,
671 1947 778 1975 cum
803 1931 892 1976 1100
919 1931 1217 1987 deliberetur,
1243 1933 1603 1996 relinquendane
1623 1934 1681 1980 sit

70 2003 290 2049 honestas
315 2009 509 2065 propter
524 2004 737 2050 utilitatis
762 2005 1136 2067 magnitudinem
1158 2005 1287 2070 (nam
1311 2007 1358 2053 id
1384 2008 1573 2070 quidem
1597 2008 1678 2053 im-

71 2079 273 2140 probum
297 2076 387 2141 est)
415 2078 499 2124 sed
534 2078 665 2132 illud,
694 2079 902 2140 possitne
938 2079 999 2134 id,
1027 2080 1154 2142 quod
1180 2081 1292 2127 utile
1317 2082 1546 2136 videatur,
1584 2083 1681 2129 fieri

71 2169 163 2198 non
186 2153 402 2214 turpiter.
474 2154 596 2199 Cum
616 2153 847 2199 Collatino
867 2155 1062 2218 collegae
1081 2155 1258 2201 Brutus
1276 2155 1521 2219 imperium
1545 2157 1678 2203 abro-
1707 2163 1733 2204 2

71 2229 232 2291 gabat,
260 2233 446 2290 poterat
470 2228 616 2274 videri
639 2229 792 2275 facere
817 2229 1003 2291 injuste.
1073 2230 1249 2276 Fuerat
1274 2231 1395 2277 enim
1419 2231 1465 2277 in
1489 2232 1679 2295 regibus

70 2303 358 2365 expellendis
383 2303 534 2362 5001115
560 2303 694 2349 Bruti
718 2304 1014 2351 consiliorum
1034 2310 1081 2351 et
1104 2305 1309 2368 adjutor.
1381 2307 1503 2352 Cum
1522 2313 1680 2353 autem

71 2377 311 2424 consilium
337 2378 426 2424 hoc
452 2377 686 2440 principes
722 2379 971 2441 cepissent,
1006 2380 1335 2444 cognationem
1361 2380 1566 2443 Superbi
1599 2398 1678 2428 no-

69 2467 271 2514 menque
301 2452 658 2516 Tarquiniorum
693 2459 742 2499 et
775 2454 1049 2501 memoriam
1084 2454 1220 2518 regni
1255 2471 1357 2502 esse
1392 2456 1676 2502 tollendam:

70 2527 197 2589 quod
233 2532 333 2573 erat
373 2528 500 2582 utile,
529 2528 694 2590 patriae
730 2529 985 2584 consulere,
1011 2530 1064 2577 id
1099 2535 1200 2576 erat
1233 2530 1300 2576 ita
1334 2530 1598 2585 honestum,
1626 2537 1679 2577 ut

71 2601 210 2647 etiam
233 2602 319 2664 ipsi
347 2602 584 2648 Collatino
621 2603 807 2665 placere
843 2604 1052 2652 deberet.
1123 2605 1293 2667 Itaque
1327 2605 1503 2652 utilitas
1535 2606 1679 2652 valuit
1707 2612 1731 2652 3

71 2682 266 2739 propter
300 2677 611 2731 honestatem,
652 2677 749 2724 sine
788 2694 883 2740 qua
920 2695 979 2725 ne
1013 2679 1190 2725 utilitas
1229 2679 1420 2742 quidem
1456 2696 1559 2727 esse
1596 2697 1677 2743 po-

71 2750 250 2797 tuisset.
319 2751 388 2796 At
412 2751 458 2796 in
477 2767 532 2796 eo
555 2767 682 2814 rege,
709 2752 788 2815 qui
811 2754 978 2800 urbem
1003 2754 1225 2808 condidit,
1246 2770 1340 2800 non
1364 2755 1489 2801 item.
1561 2755 1677 2817 Spe·
1705 2760 1731 2800 4

72 2825 164 2871 cies
188 2825 311 2871 enim
328 2826 541 2871 utilitatis
566 2826 774 2894 animum
790 2829 972 2891 pepulit
988 2829 1090 2892 ejus
1112 2844 1121 2875 ε
1160 2829 1232 2875 0111
1259 2846 1366 2875 011111
1385 2830 1534 2876 visum
1555 2836 1679 2875 esset

72 2900 242 2954 utilius,
270 2901 437 2955 solum,
465 2916 608 2962 quam
643 2919 752 2948 cum
777 2903 924 2950 altero
960 2920 1171 2967 regnare,
1199 2904 1393 2949 fratrem
1430 2904 1676 2950 interemit.

72 2973 241 3021 Omisit
275 2975 349 3021 hic
387 2981 434 3021 et
470 2975 694 3037 pietatem
731 2983 778 3022 et
813 2978 1165 3032 humanitatem,
1209 2985 1263 3024 ut
1300 2979 1362 3032 id,
1401 2978 1529 3040 quod
1565 2979 1678 3024 utile
1707 2985 1730 3025 5

73 3048 330 3104 videbatur,
350 3065 502 3112 neque
526 3055 639 3103 erat,
661 3052 845 3113 assequi
871 3058 1057 3110 posset:
1096 3060 1140 3097 et
1165 3059 1317 3098 tamen
1343 3053 1462 3098 muri
1489 3068 1680 3099 causam
