2054 3470
233 250 283 287 12
883 273 885 275 ·
917 260 976 289 ms
1015 259 1222 290 osricus

307 366 598 413 nobilitatum
651 383 740 413 non
787 367 860 422 sit,
900 373 1057 413 tamen
1103 367 1352 413 honestum
1398 374 1496 424 est;
1547 369 1768 432 quodque
1805 387 1913 418 vcra

308 441 519 498 dicimus,
547 443 726 488 etiamsi
753 459 780 488 a
805 443 935 489 nullo
960 443 1192 497 laudetur,
1219 448 1386 488 natura
1411 460 1513 490 esse
1538 444 1772 492 laudabile

372 593 431 641 V.
469 594 689 640 Formam
715 593 904 656 quidem
930 593 1094 656 ipsam,
1123 593 1282 640 Marce
1309 594 1384 648 fili,
1408 600 1454 640 et
1480 600 1721 657 tamquam
1746 595 1908 643 facicm

306 669 486 715 honesti
521 669 680 715 vides:
719 685 842 731 quae,
883 669 920 714 si
956 668 1100 715 oculis
1137 675 1419 724 cerneretur,
1445 670 1677 716 mirabiles
1713 686 1910 725 amores,

253 748 276 790 2
304 749 357 789 ut
403 744 469 790 ait
514 744 668 798 Plato,
713 743 939 790 excitaret
986 743 1246 806 sapientiae.
1318 744 1414 790 Sed
1457 761 1607 800 omne,
1656 746 1784 809 quod
1842 752 1909 792 est

303 818 567 873 honestum,
594 819 643 865 id
678 824 903 882 quattuor
927 819 1131 882 partium
1155 819 1300 865 oritur
1335 835 1393 865 ex
1427 820 1595 883 aliqua.
1664 821 1768 867 Aut
1793 821 1911 868 enim

302 893 349 939 in
383 894 714 957 perspicientia
748 894 846 940 veri
880 893 1180 957 sollertiaque
1214 900 1455 941 versatur:
1492 901 1576 942 aut
1599 895 1646 942 in
1670 896 1913 942 hominum

301 969 525 1016 societate
559 969 748 1024 tuenda,
776 969 1123 1031 tribuendoque
1158 986 1297 1015 suum
1331 969 1515 1032 cuique,
1541 976 1589 1016 et
1612 987 1769 1017 rerum
1806 987 1911 1017 con-

302 1050 561 1090 tractarum
585 1044 704 1090 fide:
742 1050 825 1090 aut
849 1043 897 1089 in
931 1043 1072 1089 animi
1097 1044 1270 1090 excelsi
1305 1050 1448 1107 atque
1482 1044 1641 1091 invicti
1677 1045 1911 1109 magnitu-

301 1119 407 1165 dine
443 1135 497 1165 ac
521 1119 716 1166 robore:
753 1123 837 1165 aut
860 1118 907 1164 in
931 1118 1152 1174 omnium,
1178 1135 1286 1182 quae
1309 1120 1428 1165 fiunt
1452 1135 1652 1183 quaeque
1678 1120 1909 1176 dicuntur,

246 1199 273 1240 3
301 1194 461 1241 ordine
486 1199 534 1241 et
556 1193 714 1249 modo,
734 1193 781 1240 in
804 1210 898 1257 quo
921 1194 1040 1240 inest
1063 1194 1295 1240 modestia
1318 1200 1366 1241 et
1400 1195 1726 1257 temperantia.
1797 1196 1911 1252 Quae

300 1275 525 1332 quattuor
560 1285 848 1331 quamquam
873 1269 995 1315 inter
1018 1285 1068 1315 se
1095 1269 1318 1333 colligata
1353 1275 1496 1332 atque
1520 1270 1759 1332 implicata
1785 1277 1910 1326 sunt,

300 1351 459 1391 tamen
483 1360 541 1390 ex
565 1345 759 1408 singulis
785 1350 913 1390 certa
937 1344 1195 1391 officiorum
1230 1360 1405 1408 genera
1428 1350 1696 1392 nascuntur.
1765 1345 1912 1392 Velut

304 1435 362 1466 ex
397 1436 452 1466 ea
481 1425 629 1482 parte,
656 1436 763 1482 quae
792 1420 943 1482 prima
979 1419 1217 1481 descripta
1247 1425 1333 1475 est,
1360 1419 1406 1466 in
1439 1435 1533 1482 qua
1565 1420 1840 1483 sapientiam
1866 1427 1912 1467 et

302 1495 602 1558 prudentiam
648 1495 879 1558 ponimus,
915 1495 1037 1541 inest
1077 1493 1318 1558 indagatio
1359 1500 1503 1558 atque
1548 1494 1752 1541 inventio
1786 1496 1910 1550 veri;

245 1575 273 1618 4
299 1571 496 1634 ejusque
520 1570 703 1617 virtutis
728 1570 818 1616 hoc
843 1586 1014 1616 munus
1040 1575 1112 1616 est
1137 1569 1394 1632 proprium.
1465 1570 1534 1616 Ut
1570 1570 1692 1616 enim
1716 1570 1912 1634 quisque

299 1646 499 1692 maxime
533 1645 771 1709 perspicit,
799 1645 913 1708 quid
948 1645 995 1691 in
1019 1661 1069 1691 re
1103 1660 1291 1707 quaque
1324 1644 1616 1691 verissimum
1640 1645 1713 1700 sit,
1740 1646 1911 1708 quique

299 1721 563 1768 acutissime
583 1726 630 1767 et
646 1720 883 1767 celerrime
904 1726 1063 1784 potest
1084 1726 1133 1766 et
1157 1720 1317 1766 videre
1337 1726 1384 1767 et
1403 1721 1636 1783 explicare
1655 1721 1882 1768 rationem
1901 1739 1911 1777 ;

245 1805 272 1845 5
298 1796 336 1844 is
370 1796 760 1860 prudentissimus
786 1802 834 1843 et
857 1796 1231 1859 sapientissimus
1256 1796 1343 1843 rite
1379 1796 1543 1844 haberi
1578 1797 1711 1845 solet.
1784 1798 1902 1855 Quo

299 1871 419 1918 circa
453 1871 575 1926 huic,
611 1871 743 1934 quasi
776 1872 985 1926 materia,
1011 1888 1154 1935 quam
1192 1877 1363 1919 tractet
1399 1878 1446 1919 et
1480 1872 1526 1918 in
1560 1889 1655 1936 qua
1684 1881 1910 1930 versetur,

299 1947 514 2010 subjecta
538 1953 610 1993 est
634 1946 818 1994 veritas.
878 1947 1087 2010 Reliquis
1113 1953 1273 1994 autem
1296 1947 1448 1994 tribus
1473 1948 1728 1995 virtutibus
1752 1965 1910 1995 neces-

298 2022 458 2068 sitates
495 2021 749 2085 propositae
788 2028 898 2068 sunt
922 2022 983 2069 ad
1009 2038 1087 2068 eas
1111 2039 1185 2069 res
1210 2022 1445 2086 parandas
1470 2023 1780 2086 tuendasque,
1807 2024 1908 2086 qui-

298 2098 387 2144 bus
412 2097 534 2144 actio
559 2097 669 2144 vitae
713 2097 1005 2153 continetur;
1042 2104 1096 2144 ut
1120 2103 1169 2144 et
1195 2097 1395 2144 societas
1422 2098 1664 2144 hominum
1689 2098 1910 2162 conjunc-

302 2173 457 2236 tioque
483 2178 722 2227 servetur;
762 2178 810 2218 et
845 2172 982 2218 animi
1008 2172 1283 2219 excellentia
1318 2172 1706 2236 magnitudoque,
1733 2190 1840 2219 cum
1865 2173 1908 2221 in

299 2248 527 2312 augendis
564 2248 731 2310 opibus
756 2248 1132 2310 utilitatibusque
1166 2253 1214 2293 et
1239 2248 1328 2293 sibi
1363 2253 1411 2293 et
1445 2247 1540 2293 suis
1566 2248 1908 2310 comparandis,

245 2327 272 2371 ὅ
300 2329 401 2370 tum
434 2322 583 2369 multo
618 2322 768 2386 magis
802 2323 848 2368 in
882 2322 954 2368 his
991 2323 1103 2386 ipsis
1145 2321 1469 2384 despiciendis
1508 2322 1704 2369 eluceat.
1776 2322 1907 2370 Ordo

299 2404 471 2452 autem,
498 2403 546 2444 et
571 2397 842 2452 constantia,
871 2403 918 2444 et
941 2397 1214 2452 moderatio,
1242 2402 1289 2442 et
1309 2412 1377 2451 ea,
1404 2412 1511 2458 quae
1539 2402 1648 2442 sunt
1688 2396 1760 2443 his
1786 2397 1907 2444 simi-

299 2473 373 2528 lia,
410 2478 658 2519 versantur
703 2472 749 2518 in
784 2489 840 2519 eo
887 2489 1073 2536 genere,
1111 2472 1172 2518 ad
1214 2471 1341 2534 quod
1377 2477 1448 2517 est
1483 2471 1749 2518 adhibenda
1784 2474 1907 2519 actio

299 2548 536 2611 quaedam,
562 2563 655 2593 non
690 2548 843 2594 solum
867 2548 1035 2594 mentis
1060 2548 1267 2611 agitatio.
1337 2546 1426 2592 His
1463 2545 1584 2592 enim
1619 2547 1774 2602 rebuS,
1801 2564 1907 2611 quaa

301 2629 562 2670 tractantur
595 2623 642 2669 in
675 2624 784 2678 vita,
811 2623 1007 2670 modum
1043 2623 1279 2686 quendam
1305 2627 1352 2668 et
1377 2621 1586 2668 ordinem
1613 2621 1904 2675 adhibentes,

299 2699 593 2745 honestatem
619 2702 666 2744 et
691 2698 835 2745 decus
861 2698 1251 2746 conservabimus.

366 2848 454 2894 VI.
480 2848 551 2893 Ex
570 2853 794 2910 quattuor
817 2853 976 2894 autem
994 2848 1122 2903 locis,
1149 2847 1193 2893 in
1212 2863 1330 2910 quos
1348 2845 1530 2893 honesti
1556 2851 1772 2893 naturam
1793 2847 1905 2893 vim-

300 2939 392 2984 que
429 2922 682 2975 divisimus,
710 2923 889 2985 primus
925 2923 1016 2977 ille,
1044 2923 1132 2985 qui·
1154 2923 1200 2968 in
1233 2921 1359 2969 veri
1411 2920 1760 2984 cognitione
1799 2938 1904 2968 con-

252 3002 275 3043 2
303 2997 435 3051 sistit,
478 2997 679 3044 maxime
716 3003 933 3044 naturam
973 2998 1166 3061 attingit
1203 2997 1474 3043 humanam.
1566 2995 1742 3041 Omnes
1783 2996 1904 3046 enim

304 3071 532 3118 trahimur
557 3078 600 3118 et
628 3072 844 3119 ducimur
867 3072 927 3119 ad
954 3073 1230 3136 cognitionis
1256 3078 1303 3118 et
1339 3070 1540 3117 scientiae
1584 3070 1903 3131 cupiditatem,
