2054 3470
294 215 349 256 54
985 226 1045 256 DE
1084 225 1292 258 ormons

320 333 344 381 7
439 333 670 397 Idemque
712 334 942 397 praecipit,
985 339 1039 380 ut
1080 350 1160 380 eos
1198 333 1492 380 adversarios
1534 333 1870 389 existimemus,
1907 349 1984 396 qui

371 425 502 455 arma
526 417 689 456 contra
713 410 866 456 ferant
886 426 896 464 ;
922 425 1016 455 non
1034 425 1128 464 eos,
1149 409 1231 471 qui
1255 425 1342 454 suo
1362 408 1541 472 judicio
1566 409 1686 455 tueri
1709 424 1808 455 rem
1834 409 1981 472 publi·

371 500 474 530 cam
501 485 675 531 velint:
712 484 863 547 qualis
899 484 989 530 fuit
1023 484 1143 530 inter
1177 484 1231 530 P.
1259 483 1552 538 Africanum,
1579 489 1626 530 et
1651 483 1706 540 Q.
1741 484 1984 530 Metellum

372 559 469 605 sine
494 559 751 606 acerbitate
777 559 1016 606 dissensio.

318 640 344 681 8
437 634 540 680 Nec
564 649 675 680 vero
700 633 935 688 audiendi,
962 633 1042 696 qui
1066 633 1272 697 graviter
1308 633 1499 679 inimicis
1524 633 1824 680 irascendum
1849 638 1987 696 puta-

371 710 503 764 bunt,
530 708 673 771 idque
708 709 996 772 magnanimi
1019 716 1067 754 et
1091 709 1224 754 fortis
1250 708 1334 754 viri
1371 724 1474 754 esse
1514 710 1787 755 censebunt.
1858 709 1984 755 Nihil

369 784 492 830 enim
517 784 811 838 laudabilius,
833 784 946 830 nihil
970 800 1146 847 magno
1172 789 1219 829 et
1245 783 1476 846 praeclaro
1495 784 1594 830 viro
1619 784 1805 847 dignius
1831 784 1987 847 placa-

318 864 344 905 9
372 859 550 906 bilitate
587 865 730 922 atque
766 859 1026 906 clementia.
1097 859 1154 904 In
1179 858 1336 905 liberis
1362 874 1472 905 vero
1507 858 1696 921 populis
1720 865 1768 905 et
1791 859 1837 904 in
1870 859 1988 922 juris

372 934 691 997 aequabilitate
730 934 994 980 exercenda
1030 934 1171 980 etiam
1208 939 1280 979 est
1313 933 1510 980 facilitas
1536 940 1583 979 et
1603 933 1808 980 altitudo
1832 933 1986 988 animi,

370 1025 478 1071 quae
506 1009 707 1055 dicitur:
744 1024 818 1063 ne,
846 1009 884 1054 si
908 1008 1166 1054 irascamur
1189 1014 1272 1053 aut
1304 1007 1633 1071 intempestive
1657 1009 1988 1055 accedentibus

370 1089 453 1129 aut
477 1083 781 1146 impudenter
814 1083 1109 1146 rogantibus,
1136 1082 1184 1128 in
1207 1082 1532 1129 morositatem
1554 1083 1766 1129 inutilem
1790 1089 1837 1130 et
1861 1083 1986 1129 odio-

294 1164 344 1204 10
371 1174 472 1205 sam
491 1158 768 1205 incidamus.
823 1159 887 1204 Et
905 1164 1065 1204 tamen
1084 1158 1147 1203 ita
1167 1158 1412 1220 probanda
1429 1163 1501 1204 est
1519 1157 1832 1204 mansuetudo
1848 1164 1989 1220 atquc

371 1234 630 1288 clementia,
673 1239 728 1279 ut
769 1234 1054 1280 adhibeatur
1088 1232 1156 1279 rei
1191 1233 1394 1295 publicae
1433 1248 1575 1278 causa
1615 1233 1854 1288 severitas,
1893 1234 1989 1279 sine

291 1314 341 1355 11
371 1324 464 1371 qua
497 1308 812 1356 administrari
847 1309 1008 1355 civitas
1043 1324 1137 1354 non
1173 1314 1344 1370 potest.
1417 1307 1582 1353 Omnis
1618 1313 1777 1354 autem
1813 1315 1861 1355 et
1896 1309 1988 1355 ani-

369 1383 633 1430 madversio
669 1390 717 1430 et
753 1383 1000 1447 castigatio
1037 1383 1321 1429 contumelia
1344 1397 1511 1428 vacare
1545 1382 1714 1430 debet:
1751 1399 1904 1446 neque
1929 1384 1988 1429 ad

371 1458 411 1522 ej
421 1475 487 1513 us,
509 1458 590 1521 qui
609 1459 802 1522 punitur
819 1459 1021 1521 aliquem
1042 1465 1124 1504 aut
1143 1458 1296 1504 verbis
1318 1457 1532 1520 castigat,
1554 1458 1638 1504 sed
1662 1458 1724 1504 ad
1748 1458 1814 1505 rei
1838 1459 1988 1521 publi-

291 1538 343 1579 12
371 1549 437 1580 cae
462 1534 711 1580 utilitatem
745 1534 920 1580 referri.
995 1533 1271 1580 Cavendum
1296 1538 1368 1579 est
1392 1533 1548 1588 etiam,
1575 1549 1634 1579 ne
1658 1534 1810 1597 major
1845 1551 1989 1597 poena

371 1625 513 1656 quam
540 1609 680 1672 culpa
706 1609 777 1663 sit,
806 1614 853 1654 et
878 1625 936 1655 ne
961 1608 1124 1654 iisdem
1151 1608 1211 1654 de
1237 1608 1389 1654 causis
1413 1608 1488 1654 alii
1524 1608 1806 1671 plectantur,
1834 1609 1909 1655 alii
1933 1626 1989 1656 ne

371 1684 673 1747 appellentur
707 1684 913 1746 quidem.
985 1683 1290 1730 Prohibenda
1325 1689 1485 1729 autem
1520 1684 1723 1730 maxime
1749 1691 1821 1731 est
1855 1685 1922 1731 ira
1945 1686 1989 1731 in

295 1765 345 1805 13
373 1759 623 1822 puniendo.
696 1759 953 1821 Nunquam
990 1759 1127 1813 enim,
1154 1758 1299 1804 iratus
1335 1758 1415 1821 qui
1449 1758 1643 1804 accedet
1681 1759 1743 1804 ad
1782 1775 1987 1823 poenam,

372 1834 746 1881 mediocritatem
770 1834 898 1879 illam
925 1833 1118 1887 tenebit,
1140 1850 1247 1895 quae
1270 1840 1342 1878 est
1366 1833 1485 1879 inter
1509 1833 1704 1879 nimium
1725 1841 1771 1880 et
1791 1851 1961 1897 parum
1979 1852 1989 1889 ;

372 1926 478 1972 quae
508 1909 664 1972 placet
688 1908 1029 1972 Peripateticis,
1052 1913 1099 1953 et
1124 1914 1251 1953 recte
1278 1908 1462 1970 placet:
1489 1908 1632 1954 modo
1658 1925 1715 1955 ne
1740 1910 1989 1956 laudarent
2014 1902 2017 1904 ,

296 1990 345 2030 14
373 1985 675 2038 iracundiam,
704 1990 751 2029 et
787 1984 1010 2038 dicerent,
1044 1982 1221 2028 utiliter
1255 1999 1282 2028 a
1317 1988 1485 2028 natura
1523 1983 1696 2030 datam.
1768 1985 1857 2030 Illa
1880 2001 1989 2032 vero

371 2060 587 2106 omnibus
625 2059 673 2105 in
709 2060 852 2105 rebus
887 2057 1183 2121 repudianda
1217 2062 1305 2115 est,
1342 2058 1715 2120 optandumque,
1745 2064 1799 2104 ut
1834 2060 1876 2114 ii,
1911 2061 1989 2122 qui

375 2141 589 2197 praesunt
613 2134 679 2179 rei
705 2134 924 2195 publicae,
950 2134 1113 2195 legum
1151 2132 1322 2178 similes
1347 2133 1450 2186 sint,
1479 2149 1585 2194 quae
1614 2133 1673 2178 ad
1701 2134 1986 2195 puniendum

373 2225 464 2254 non
488 2209 741 2262 iracundia,
769 2208 853 2254 sed
880 2208 1104 2269 aequitate
1131 2207 1381 2252 ducuntur.

440 2359 618 2404 XXVI.
657 2357 820 2419 Atque
847 2365 986 2402 etiam
1020 2356 1065 2401 in
1100 2357 1241 2402 rebus
1278 2355 1515 2418 prosperis
1541 2363 1588 2402 et
1613 2357 1673 2402 ad
1699 2361 1987 2406 voluntatem

376 2439 586 2478 nostram
622 2432 875 2478 fluentibus
911 2431 1182 2494 superbiam
1214 2446 1389 2493 magno
1414 2446 1569 2493 opere,
1596 2432 1836 2479 fastidium
1862 2450 1986 2480 arro-

320 2513 351 2556 2
376 2507 679 2571 gantiamque
717 2506 969 2569 fugiamus,
1041 2505 1167 2551 Nam
1203 2510 1257 2551 ut
1291 2505 1513 2551 adversas
1549 2522 1636 2560 res,
1664 2507 1729 2553 sic
1755 2509 1987 2555 secundas

373 2581 682 2630 immoderate
717 2581 838 2627 serre
873 2580 1075 2627 levitatis
1111 2585 1212 2626 est:
1251 2580 1574 2642 praeclaraque
1599 2587 1671 2627 est
1696 2584 1987 2644 aequabilitas

374 2659 420 2704 in
444 2656 570 2704 omni
594 2656 703 2709 vita,
732 2661 779 2702 et
812 2655 938 2701 idem
975 2670 1162 2717 semper
1186 2655 1345 2700 vultus
1382 2654 1646 2717 eademque
1681 2656 1823 2711 frons,
1850 2663 1904 2704 ut
1928 2658 1986 2704 de

323 2739 347 2779 3
377 2733 572 2779 Socrate
590 2730 797 2792 itemque
817 2729 876 2775 de
898 2730 951 2776 G.
972 2729 1119 2775 Laelio
1144 2728 1426 2791 accepimus
1485 2729 1761 2793 Philippum
1781 2731 1985 2793 quidem,

376 2805 692 2852 Macedonum
731 2819 908 2866 regem,
935 2803 1077 2849 rebus
1109 2802 1255 2866 gestis
1281 2808 1328 2848 et
1351 2803 1500 2866 gloria
1525 2810 1801 2866 superatum
1825 2821 1853 2851 a
1877 2807 1985 2860 filio,

328 2886 348 2927 1
375 2880 596 2927 facilitate
617 2885 664 2925 et
682 2878 974 2924 humanitate
993 2878 1129 2924 video
1150 2878 1439 2940 superiorem
1458 2879 1615 2925 fuisse.
1641 2907 1644 2911 ›
1675 2880 1844 2942 Itaque
1869 2881 1985 2928 alter

375 2970 563 3018 semper
585 2969 799 3017 magnus,
827 2953 946 2998 alter
970 2968 1100 3014 saepe
1134 2952 1431 3015 turpissimus
1452 2968 1461 2999 z
1499 2960 1552 2999 ut
1575 2959 1702 3000 recte
1727 2955 1984 3018 praecipere

374 3029 634 3083 videantur,
670 3027 749 3091 qui
788 3033 994 3080 monent,
1031 3032 1099 3080 ut,
1136 3032 1312 3089 quanto
1350 3027 1613 3091 superiores
1648 3043 1825 3081 sumUS,
1853 3035 1980 3076 tanto
