2054 3470
256 195 314 237 30
949 203 1007 232 DE
1045 203 1255 233 ormena

284 319 309 359 2
337 313 744 376 perturbationum
770 311 923 365 animi,
951 317 998 357 et
1023 327 1182 357 rerum
1216 310 1387 357 modus
1423 310 1641 357 cernitur.
1715 310 1819 356 Hoc
1847 309 1944 356 1000

337 389 609 435 continetur
634 388 695 443 id,
722 387 850 450 quod
876 387 966 433 dici
1002 386 1168 433 Latine
1204 386 1235 432 d
1252 402 1277 432 e
1295 403 1318 432 c
1336 402 1363 432 o
1379 402 1512 432 rum
1548 391 1737 448 potest:
1779 385 1944 432 Graece

336 464 459 510 enim
496 467 655 530 «πρέπον
695 463 879 508 dicitur.
951 462 1110 524 Hujus
1134 461 1203 508 vis
1239 477 1294 507 ea
1329 467 1414 516 est,
1441 466 1496 507 ut
1531 462 1590 507 ab
1623 460 1822 506 honesto
1857 476 1946 506 non

335 546 479 601 queat
503 538 723 602 separari.
783 538 910 583 Nam
935 542 983 583 et
1007 536 1135 599 quod
1161 537 1312 591 decet,
1339 536 1592 582 honestum
1619 543 1717 590 est;
1751 540 1798 580 et
1822 534 1946 597 quod

282 620 308 661 3
335 615 585 661 honestum
624 619 708 667 est,
747 612 896 660 decet,
969 612 1131 668 Qualis
1169 617 1330 657 autem
1367 611 1630 657 differentia
1666 611 1724 657 sit
1766 610 1948 656 honesti

335 696 382 736 et
407 689 577 744 decori,
604 685 783 734 facilius
809 686 1016 751 intelligi,
1043 702 1185 750 quam
1211 686 1449 750 explanari
1473 691 1644 749 potest.
1717 685 1948 748 Quicquid

335 772 408 812 est
444 765 579 819 enim,
610 763 740 826 quod
776 763 959 818 deceat,
984 762 1033 808 id
1058 768 1160 808 tum
1196 767 1409 824 apparet,
1438 778 1545 808 cum
1581 767 1855 824 antegressa
1881 766 1950 806 cst

280 845 307 886 4
334 840 570 887 honestas.
642 840 812 901 Itaque
837 854 930 884 non
955 837 1108 883 solum
1133 837 1179 883 in
1203 837 1291 882 hac
1318 842 1452 899 parte
1480 836 1753 890 honestatis,
1774 835 1833 881 de
1858 849 1949 897 qua

334 916 423 961 hoc
458 915 562 961 1000
599 913 924 960 disserendum
960 917 1047 966 est,
1076 911 1160 957 scd
1196 910 1337 957 etiam
1362 911 1408 956 in
1432 910 1583 957 tribus
1617 909 1949 973 superioribus,

283 998 307 1038 5
334 991 447 1053 quid
484 990 666 1044 deceat,
705 993 919 1051 apparet.
992 987 1119 1033 Nam
1156 991 1204 1032 et
1239 986 1417 1032 ratione
1453 986 1523 1032 uti
1561 992 1705 1048 atque
1744 985 1951 1032 oratione

335 1065 605 1128 prudenter,
634 1069 681 1110 ct
705 1054 860 1126 agere,
889 1062 1018 1124 quod
1057 1077 1188 1124 agaS,
1216 1061 1525 1116 considerate,
1552 1060 1769 1123 omnique
1804 1060 1850 1107 in
1886 1075 1950 1112 re,

334 1140 446 1203 quid
479 1140 538 1186 sit
564 1138 673 1194 veri,
700 1138 860 1185 videre
896 1143 944 1183 et
979 1137 1101 1183 tueri
1136 1136 1302 1183 decet:
1341 1142 1600 1198 contraque
1632 1136 1744 1190 falli,
1783 1151 1950 1188 errare,

335 1215 442 1270 labi,
461 1214 615 1277 decipi
637 1219 736 1259 tam
761 1212 977 1267 dedecet,
996 1227 1138 1275 quam
1158 1211 1355 1258 delirare
1376 1217 1423 1257 et
1442 1216 1595 1258 mente
1619 1227 1721 1257 esse
1743 1216 1951 1274 captum.

283 1296 307 1337 6
335 1291 397 1336 Et
433 1290 564 1354 justa
599 1288 754 1335 omnia
792 1287 965 1334 decora
1000 1292 1137 1342 sunt;
1173 1287 1349 1350 injusta
1384 1293 1561 1340 contra,
1600 1292 1654 1332 ut
1688 1286 1860 1348 turpia,
1889 1285 1952 1330 sic

336 1365 568 1411 indecora.
639 1363 811 1409 Similis
836 1368 908 1408 est
932 1363 1048 1409 ratio
1081 1361 1382 1408 fortitudinis,
1454 1361 1593 1417 Quod
1619 1361 1741 1407 enim
1765 1360 1953 1406 viriliter

336 1441 585 1503 animoque
620 1454 793 1502 magno
829 1438 894 1492 fit,
932 1437 981 1483 id
1017 1437 1215 1500 dignum
1249 1436 1348 1482 viro
1388 1442 1435 1482 et
1475 1436 1699 1482 decorum
1737 1435 1952 1481 videtur:

285 1517 308 1563 7
337 1516 465 1579 quod
504 1521 679 1568 contra,
719 1513 768 1560 id
806 1518 860 1558 ut
895 1520 1049 1575 turpe,
1091 1512 1155 1558 sic
1194 1511 1483 1558 indecorum.
1556 1512 1712 1567 Quare
1751 1510 1954 1573 pertinet

337 1591 528 1653 quidem
551 1589 613 1635 ad
638 1604 825 1635 omnem
850 1588 1148 1634 honestatem
1181 1587 1287 1641 hoc,
1315 1586 1444 1649 quod
1470 1586 1588 1641 dico,
1617 1586 1870 1632 decorum:
1906 1590 1953 1631 et

337 1666 401 1712 ita
425 1666 642 1729 pertinet,
668 1670 722 1710 ut
745 1680 839 1710 non
873 1662 1118 1709 recondita
1155 1661 1363 1724 quadam
1397 1662 1577 1707 ratione
1612 1665 1841 1715 cernatur,
1870 1660 1952 1706 sed

286 1748 312 1789 8
341 1741 399 1788 sit
434 1741 479 1786 in
515 1746 754 1804 promptu.
826 1739 914 1784 Est
954 1737 1078 1783 enim
1119 1736 1361 1799 quiddam,
1404 1736 1550 1798 idque
1590 1735 1866 1799 intelligitur
1908 1734 1953 1781 in

338 1816 463 1863 omni
486 1816 673 1869 virtute,
700 1813 828 1877 quod
854 1813 1022 1860 deceat
1043 1828 1051 1858 ε
1091 1812 1219 1874 quod
1245 1811 1529 1875 cogitatione
1555 1811 1704 1874 magis
1729 1827 1757 1856 a
1781 1810 1953 1856 virtute

289 1897 313 1939 9
341 1897 499 1954 potest
522 1906 665 1953 quam
690 1905 739 1936 re
765 1888 985 1951 separari.
1057 1888 1126 1933 Ut
1150 1893 1373 1933 venustas
1393 1893 1441 1932 et
1466 1885 1768 1949 pulchritudo
1789 1901 1952 1948 corpo-

339 1968 401 2012 ris
426 1965 603 2012 secerni
621 1981 714 2010 non
739 1969 898 2027 potest
923 1979 950 2008 a
973 1962 1268 2009 valetudine:
1296 1961 1361 2007 sic
1380 1961 1487 2014 hoc,
1510 1961 1570 2007 de
1589 1977 1682 2023 quo
1700 1961 1952 2023 loquimur,

341 2042 579 2095 decorum,
607 2046 761 2087 totum
796 2038 914 2086 illud
939 2038 1129 2100 quidem
1154 2042 1226 2083 est
1251 2053 1359 2082 cnm
1384 2036 1556 2082 virtute
1583 2036 1843 2090 confusum,
1869 2035 1953 2081 sed

341 2122 497 2163 mente
523 2121 570 2162 et
595 2115 878 2179 cogitatione
904 2112 1222 2176 distinguitur.

264 2272 317 2315 10
409 2267 496 2312 Est
542 2271 701 2310 autem
748 2263 842 2310 eius
893 2261 1145 2324 descriptio
1193 2261 1384 2323 duplex.
1469 2261 1595 2306 Nam
1642 2267 1689 2306 et
1734 2259 1952 2323 generale

343 2340 585 2405 quoddam
610 2339 833 2386 decorum
856 2337 1170 2400 intelligimuS,
1198 2336 1327 2398 quod
1352 2337 1398 2382 in
1423 2335 1547 2382 omni
1582 2335 1827 2381 honestate
1852 2351 1953 2382 ver-

344 2423 502 2463 satur:
539 2422 587 2461 et
621 2414 748 2460 aliud
786 2413 895 2459 huic
931 2412 1214 2475 subjectum,
1241 2411 1370 2473 quod
1406 2410 1611 2473 pertinet
1644 2409 1706 2455 ad
1742 2409 1954 2473 singulas

267 2498 317 2539 ll
346 2497 504 2555 partes
523 2489 796 2536 honestatis.
849 2488 1015 2549 Atque
1038 2486 1155 2533 illud
1181 2486 1397 2549 superius
1412 2485 1476 2531 sic
1491 2485 1588 2531 fere
1614 2483 1792 2530 definiri
1810 2484 1951 2530 solet:

347 2567 571 2613 decorum
606 2565 654 2611 id
689 2579 804 2618 esse,
832 2562 959 2625 quod
995 2567 1361 2608 consentaneum
1396 2560 1455 2606 sit
1490 2558 1689 2605 hominis
1727 2559 1953 2605 excellen-

349 2642 451 2696 tiae,
477 2641 523 2687 in
558 2656 627 2695 eo,
654 2640 701 2685 in
735 2654 830 2701 quo
865 2642 1033 2683 natura
1068 2636 1170 2699 ejus
1195 2651 1223 2681 a
1251 2635 1437 2698 reliquis
1472 2634 1785 2680 animantibus
1823 2633 1953 2679 diffe-

270 2722 321 2763 12
348 2722 434 2762 rat.
496 2716 615 2770 Quae
643 2720 802 2759 autem
827 2728 936 2774 pars
962 2711 1178 2774 subjecta
1202 2710 1364 2774 generi
1387 2715 1474 2765 est,
1494 2725 1599 2755 eam
1623 2708 1688 2755 sic
1714 2708 1953 2761 definiunt,

348 2798 402 2838 ut
436 2790 484 2836 id
520 2791 746 2836 decorum
781 2788 926 2834 velint
961 2802 1077 2841 esse,
1104 2786 1233 2848 quod
1270 2785 1334 2831 ita
1371 2790 1552 2830 naturae
1591 2788 1953 2830 consentaneum

349 2866 422 2920 sit,
450 2865 573 2912 utin
597 2881 652 2910 eo
677 2862 936 2909 moderatio
969 2867 1016 2907 et
1051 2859 1362 2922 temperantia
1397 2864 1625 2922 appareat
1661 2874 1768 2904 cum
1803 2856 1954 2919 specie

351 2941 557 3004 quadam
591 2938 782 2986 liberali.
854 2936 1087 2983 XXVIII.
1128 2935 1248 2981 Haec
1285 2934 1349 2980 ita
1383 2933 1577 2997 intelligi
1602 2947 1855 2996 possumus
1881 2946 1954 2976 cx·

351 3015 557 3062 istimare
583 3030 639 3060 ex
664 3029 720 3059 eo
746 3012 932 3064 decom,
960 3009 1087 3072 quod
1126 3016 1279 3072 poetae
1317 3014 1607 3071 sequuntur:
1647 3006 1706 3052 dc
1741 3021 1836 3068 quo
1869 3004 1954 3050 alio
