2054 3470
533 605 772 664 LIBER
820 605 1258 665 SECUNDUS.
1288 613 1291 617 ⁴

113 929 151 979 I.
179 933 567 990 QUEMADMODUM
584 930 732 977 officia
751 930 1034 976 ducerentur
1049 930 1108 976 ab
1125 930 1386 986 honestate,
1404 930 1563 977 Marce
1579 929 1656 985 fili,

51 1014 189 1071 atque
215 1009 276 1055 ab
302 1007 427 1054 omni
451 1023 624 1071 genere
643 1005 842 1060 virtutis,
871 1006 981 1051 satis
1007 1005 1293 1069 explicatum
1318 1006 1518 1053 arbitror
1540 1006 1660 1053 libro

50 1083 298 1147 superiore.
369 1082 606 1145 Sequitur,
647 1088 701 1128 ut
736 1082 838 1127 haec
880 1081 1137 1127 officiorum
1175 1097 1348 1144 genera
1388 1096 1658 1144 persequar,
1687 1086 1711 1128 2

47 1175 154 1221 quae
189 1158 423 1222 pertinent
460 1157 520 1203 ad
558 1157 668 1203 vitae
703 1157 898 1210 cultum,
927 1156 1058 1202 etad
1092 1172 1254 1202 earum
1291 1172 1463 1210 rerum,
1490 1156 1661 1219 quibus

51 1241 244 1280 utuntur
267 1232 491 1292 homines,
512 1232 801 1285 facultatem,
820 1231 880 1276 ad
906 1247 1034 1293 opes,
1054 1231 1112 1276 ad
1136 1231 1308 1293 copias.
1364 1232 1419 1277 In
1439 1247 1532 1293 quo
1558 1237 1661 1277 tum

47 1309 195 1372 quaeri
219 1308 326 1363 dixi,
353 1307 466 1371 quid
491 1307 618 1362 utile,
645 1306 756 1369 quid
781 1306 941 1352 inutile
962 1321 970 1352 :
1006 1312 1106 1351 tum
1135 1322 1190 1352 ex
1216 1306 1409 1352 utilibus
1434 1305 1548 1368 quid
1571 1306 1661 1351 uti-

49 1386 147 1439 lius,
175 1390 257 1430 aut
281 1384 394 1447 quid
418 1383 618 1429 maxime
642 1382 769 1428 utile.
841 1381 912 1427 De
939 1381 1108 1443 quibus
1145 1381 1300 1427 dicere
1331 1381 1598 1444 aggrediar,
1626 1380 1664 1427 si

48 1475 199 1523 pauca
224 1459 351 1523 prius
376 1458 436 1505 de
459 1458 671 1504 instituto
696 1473 750 1503 ac
777 1456 835 1502 de
858 1456 1037 1519 judicio
1064 1472 1168 1502 mco
1196 1456 1370 1502 dixero.

114 1536 412 1597 Quamquam
449 1533 573 1580 enim
609 1532 714 1579 libri
752 1532 899 1578 nostri
935 1532 1202 1594 complures
1227 1547 1319 1577 non
1344 1530 1486 1577 modo
1511 1531 1573 1577 ad
1598 1531 1661 1578 le·
1690 1537 1715 1577 3

48 1610 201 1674 gendi,
220 1610 304 1656 sed
324 1610 465 1656 etiam
484 1609 543 1655 ad
569 1607 801 1655 scribendi
827 1607 1035 1653 studium
1057 1607 1394 1661 excitaverunt,
1412 1613 1570 1653 tamen
1595 1607 1661 1653 in-

50 1685 236 1732 terdum
259 1700 436 1739 vereor,
461 1700 521 1730 ne
546 1684 827 1747 quibusdam
865 1683 996 1729 bonis
1023 1682 1129 1728 viris
1158 1682 1469 1745 philosophiae
1493 1698 1663 1729 nomen

49 1761 107 1807 sit
130 1760 344 1815 invisum,
371 1759 704 1821 mirenturque,
731 1759 777 1805 in
814 1775 868 1805 ea
904 1764 1089 1803 tantum
1125 1774 1200 1803 me
1226 1773 1385 1820 operae
1409 1762 1458 1803 et
1481 1764 1662 1821 tempo-

49 1837 108 1882 ris
148 1851 335 1898 ponere.
405 1835 510 1898 Ego
545 1841 704 1881 autem
728 1850 869 1897 quam
896 1833 976 1879 diu
1000 1850 1074 1879 res
1101 1833 1289 1896 publica
1314 1848 1399 1896 per
1424 1848 1503 1878 eos
1528 1848 1660 1896 gere·
1689 1838 1716 1878 4

50 1912 200 1965 batur,
227 1910 396 1974 quibus
423 1926 472 1956 se
496 1909 600 1972 ipsa
635 1909 944 1962 commiserat,
972 1924 1133 1954 omnes
1170 1924 1299 1953 meas
1325 1923 1460 1953 curas
1486 1908 1661 1971 cogita-

51 1987 290 2048 tionesque
313 1985 360 2031 in
384 2001 489 2031 eam
523 1984 836 2031 conferebam.
908 1984 1031 2029 Cum
1067 1991 1225 2029 autem
1257 1982 1503 2028 dominatu
1525 1983 1663 2029 unius
1690 1991 1716 2030 5

50 2061 203 2107 omnia
226 2066 507 2114 tenerentur,
534 2075 686 2121 neque
715 2064 838 2105 esset
872 2075 1073 2122 usquam
1113 2059 1302 2105 consilio
1340 2064 1424 2105 aut
1462 2058 1662 2104 auctori-

52 2137 136 2182 tati
159 2137 303 2191 locus,
329 2135 478 2182 socios
503 2134 703 2196 denique
738 2134 929 2180 tuendae
953 2134 1019 2180 rei
1043 2133 1259 2197 publicae,
1287 2149 1500 2179 summos
1524 2133 1661 2188 viros,

51 2211 330 2257 amisissem:
357 2225 442 2256 nec
461 2225 537 2256 me
556 2209 808 2273 angoribus
833 2209 1005 2263 dedidi,
1027 2209 1197 2271 quibus
1222 2224 1376 2254 essem
1401 2208 1661 2263 consectus,

51 2286 134 2332 nisi
156 2287 208 2332 iis
232 2285 520 2340 restitissem,
537 2300 623 2331 nec
641 2300 828 2330 rursum
852 2284 1053 2348 indignis
1078 2283 1265 2330 homine
1285 2283 1426 2330 docto
1445 2283 1661 2346 volupta-

51 2362 189 2408 tibus.
243 2361 406 2423 Atque
425 2360 606 2406 utinam
629 2375 704 2405 res
724 2359 915 2422 publica
934 2359 1154 2413 stetisset,
1173 2374 1268 2422 quo
1288 2363 1500 2422 coeperat
1519 2364 1661 2413 statu,
1691 2364 1715 2405 6

53 2451 135 2482 nec
153 2436 200 2482 in
216 2436 426 2482 homines
445 2440 652 2481 nontam
673 2434 1126 2489 commutandarum,
1143 2450 1285 2496 quam
1304 2433 1663 2480 evertendarum

54 2526 208 2557 rerum
234 2510 429 2574 cupidos
459 2509 709 2556 incidisset.
778 2509 992 2555 Primum
1017 2508 1154 2563 enim,
1180 2514 1234 2554 ut
1259 2514 1412 2554 stante
1436 2524 1487 2554 re
1512 2508 1662 2571 publi-
1690 2508 1717 2556 7

56 2602 108 2632 ca
130 2586 283 2632 facere
308 2586 588 2640 solebamus,
608 2585 655 2631 in
679 2584 864 2649 agendo
889 2585 1010 2647 plus,
1030 2600 1172 2647 quam
1198 2584 1245 2637 in
1269 2584 1532 2639 scribendo,
1554 2600 1663 2647 ope-

57 2676 118 2706 1·ae
156 2675 460 2723 poneremus:
498 2659 667 2706 deinde
704 2660 816 2723 ipsis
854 2659 1035 2722 scriptis
1069 2675 1162 2705 non
1186 2674 1254 2714 ea,
1284 2675 1392 2722 quae
1416 2675 1553 2713 nunc,
1581 2659 1659 2705 sed

56 2735 258 2781 actiones
283 2739 465 2780 nostras
487 2734 835 2789 mandaremus,
856 2740 910 2780 ut
935 2749 1062 2797 saepe
1087 2733 1299 2780 fecimus
1356 2734 1479 2779 Cum
1505 2740 1663 2779 autem
1692 2740 1716 2779 3

59 2825 128 2855 res
154 2808 355 2872 publica,
380 2808 426 2854 in
449 2824 542 2871 qua
565 2809 712 2855 omnis
737 2825 841 2855 mea
866 2824 991 2862 cura,
1019 2808 1259 2871 cogitatio,
1286 2823 1432 2870 opera
1458 2808 1566 2870 poni
1592 2823 1661 2853 so<

59 2883 196 2938 lebat,
222 2883 350 2929 nulla
385 2888 510 2929 esset
544 2883 746 2937 omnino,
772 2883 865 2929 illae
900 2881 1078 2929 scilicet
1114 2883 1284 2928 litterae
1323 2882 1660 2934 conticuerunt,

63 2958 264 3004 forenses
302 2964 349 3004 et
384 2957 643 3003 senatoriae.
714 2957 844 3003 Nihil
879 2973 1018 3019 agere
1051 2963 1210 3002 autem
1237 2973 1344 3002 cum
1368 2956 1547 3001 animus
1572 2971 1663 3000 non
1692 2961 1715 3001 9

65 3038 234 3095 posset,
259 3032 307 3077 in
329 3032 400 3077 his
424 3031 589 3077 studiis
614 3032 673 3077 ab
698 3031 824 3076 initio
849 3037 1060 3076 versatus
1087 3030 1255 3084 aetatis,
1283 3029 1554 3080 existimavi,
1581 3029 1663 3074 ho-
