2912 4368
235 1257 242 1309 ό...
234 1224 242 1249 a
223 1119 244 1207 2⁴quss
242 1099 245 1106 ,
240 1030 245 1038 2

901 827 1037 854 11111111
1067 827 1135 854 111.
1211 826 1318 855 6111.
1350 827 1479 854 xmv.
1954 817 2035 854 113

340 936 487 981 orabit
524 941 719 998 patrem,
749 951 803 979 ne
830 934 874 979 id
911 934 1080 987 faciat;
1120 933 1156 979 si
1182 933 1293 978 nihil
1332 932 1558 994 proficiet,
1587 933 1839 984 accusabit,
1869 933 1950 977 mi-

338 1011 524 1056 nabitur
565 1010 730 1062 etiam;
781 1009 840 1054 ad
884 1015 1159 1061 extremum,
1200 1008 1237 1053 si
1279 1008 1339 1053 ad
1383 1007 1633 1069 perniciem
1676 1007 1841 1069 patriae
1880 1024 1952 1051 res

338 1086 585 1148 spectabit,
625 1086 788 1148 patriae
825 1085 1026 1129 salutem
1064 1089 1317 1145 anteponet
1354 1082 1491 1128 saluti
1529 1083 1689 1145 patris.
1773 1083 1951 1137 Quaerit
1980 1089 2005 1128 9

339 1161 490 1214 etiam,
518 1161 553 1206 si
592 1161 776 1222 sapiens
817 1159 1106 1204 adulterinos
1147 1175 1364 1203 nummos
1403 1158 1637 1219 acceperit
1675 1158 1949 1219 imprudens

340 1252 424 1297 pro
460 1236 605 1289 bonis,
645 1252 751 1281 eum
788 1235 832 1280 id
871 1234 1089 1287 rescierit,
1127 1234 1425 1279 soluturusne
1463 1233 1520 1278 sit
1557 1249 1650 1286 eos,
1689 1234 1725 1278 si
1763 1233 1833 1278 cui
1872 1233 1950 1278 de-

342 1312 459 1364 beat,
490 1327 572 1372 pro
600 1311 745 1356 bonis.
819 1311 1055 1372 Diogenes
1081 1310 1173 1354 ait:
1213 1308 1468 1370 Antipater
1502 1317 1658 1370 negat,
1690 1308 1761 1354 6111
1798 1308 1951 1370 potius

339 1386 575 1431 assentior.
632 1386 726 1437 Qui
749 1385 904 1430 vinum
930 1385 1114 1448 fugiens
1135 1384 1309 1429 vendat
1335 1384 1497 1437 sciens,
1521 1383 1753 1429 debeatne
1781 1384 1948 1429 dicere.
1982 1388 2041 1429 10

340 1460 445 1505 Non
470 1477 658 1506 11666336
693 1466 831 1523 putat
857 1461 1092 1523 Diogenes
1115 1476 1123 1505 :
1165 1460 1422 1522 Antipater
1446 1459 1530 1504 viri
1562 1459 1672 1505 boni
1705 1459 1950 1505 existimat.

340 1535 457 1581 Haec
494 1542 602 1581 sunt
629 1537 761 1598 quasi
798 1542 1097 1582 controversa
1128 1535 1237 1597 jura
1274 1534 1556 1581 Stoicorum.
1630 1535 1687 1580 In
1719 1534 1951 1596 mancipio
1984 1539 2037 1579 11

338 1611 585 1657 vendendo
621 1611 879 1658 dicendane
911 1611 1047 1656 vitia:
1087 1628 1178 1656 non
1215 1626 1282 1664 ea,
1312 1627 1419 1672 quae
1458 1610 1543 1655 nisi
1570 1609 1757 1663 dixeris,
1796 1609 1950 1655 redhi-

340 1687 506 1732 beatur
526 1687 813 1749 mancipium
834 1687 939 1748 jure
962 1686 1107 1740 civili;
1147 1686 1231 1731 sed
1251 1686 1367 1739 11666,
1390 1685 1667 1731 mendacem
1693 1701 1807 1739 esse,
1831 1685 1951 1730 alea-

340 1767 503 1815 torem,
542 1761 764 1815 furacem,
804 1761 1052 1807 ebriosum.
1124 1761 1278 1806 Alteri
1315 1760 1514 1806 dicenda
1550 1760 1782 1815 videntur,
1822 1761 1953 1806 alteri

339 1852 429 1881 non
454 1835 687 1882 videntur.
762 1836 811 1882 Si
836 1836 936 1898 quis
964 1852 1131 1881 aurum
1156 1835 1377 1889 vendens,
1406 1836 1694 1881 orichalcum
1732 1852 1781 1881 se
1818 1842 1954 1898 putet
1984 1842 2039 1881 12

341 1911 553 1965 vendere,
582 1911 814 1958 indicetne
852 1912 891 1957 ei
927 1911 995 1956 vir
1031 1912 1194 1965 bonus,
1224 1927 1390 1956 aurum
1428 1910 1542 1956 illud
1580 1926 1695 1965 esse,
1735 1926 1793 1956 an
1829 1918 1955 1956 emat

341 1986 542 2040 denario,
571 1987 700 2049 quod
737 1987 794 2033 sit
830 1988 954 2033 mille
981 1987 1262 2032 denarium?
1334 1986 1645 2048 Perspicuum
1672 1987 1880 2049 estjam,
1909 1994 1956 2032 et

341 2061 452 2124 quid
488 2062 600 2107 mihi
636 2062 865 2116 rideatur,
896 2069 941 2108 et
980 2079 1085 2124 quae
1127 2061 1183 2107 sit
1220 2061 1336 2106 inter
1372 2077 1449 2107 eos
1487 2062 1809 2124 philosophos,
1838 2078 1955 2124 quos

342 2137 587 2191 nominavi,
618 2138 946 2183 controversia.

407 2288 585 2333 XXIV.
623 2288 771 2333 Pacta
807 2296 853 2334 et
890 2289 1118 2351 promissa
1158 2305 1403 2351 semperne
1447 2288 1676 2333 servanda
1714 2288 1817 2341 sint,
1846 2305 1953 2350 quze

342 2379 424 2408 1166
452 2363 494 2407 vi
518 2378 603 2409 nec
631 2363 739 2409 dolo
765 2364 888 2410 malo
918 2362 990 2427 (ut
1016 2371 1245 2425 praetores
1272 2362 1445 2427 solent)
1468 2364 1592 2409 facta
1614 2363 1717 2410 sint.
1780 2363 1829 2409 Si
1855 2363 1957 2425 quis
1985 2369 2010 2409 ΞΖ

342 2438 738 2484 medicamentum
765 2439 966 2501 cuipiam
993 2439 1179 2484 dederit
1216 2439 1276 2484 ad
1302 2455 1475 2501 aquam
1500 2438 1795 2492 intercutem,
1825 2439 1955 2501 pepi-

343 2513 569 2575 geritque,
598 2513 634 2558 si
660 2530 714 2559 66
740 2515 1084 2560 medicamento
1112 2530 1252 2559 sanus
1279 2514 1434 2559 factus
1460 2519 1597 2567 esset,
1621 2529 1678 2559 ne
1704 2514 1791 2559 illo
1810 2513 1955 2559 medi-

344 2594 558 2634 camento
583 2605 791 2650 unquam
819 2596 984 2651 postea
1019 2595 1259 2642 utcretur3
1298 2588 1333 2634 si
1359 2605 1412 2634 eo
1448 2588 1792 2634 medicamento
1818 2604 1957 2633 sanus

344 2663 497 2709 factus
523 2663 595 2717 sit,
624 2672 669 2709 et
695 2665 825 2710 annis
851 2665 1028 2727 aliquot
1054 2670 1161 2726 post
1186 2664 1396 2709 inciderit
1421 2664 1466 2709 in
1492 2663 1695 2709 eundem
1720 2664 1956 2716 morbum,

345 2755 428 2784 1166
454 2740 512 2785 ab
552 2754 620 2792 66,
650 2740 839 2801 (1111611111
877 2740 1138 2802 pepigerat,
1167 2739 1401 2801 impetret,
1430 2745 1483 2784 ut
1519 2739 1689 2784 iterum
1730 2754 1784 2784 66
1823 2739 1955 2784 liceat

345 2816 437 2860 uti:
477 2816 588 2878 quid
614 2815 881 2861 faciendum
907 2815 977 2860 sit.
1030 2815 1151 2860 Cum
1174 2814 1286 2860 sitis
1307 2814 1602 2867 inhumanus,
1630 2814 1709 2876 qui
1733 2830 1825 2859 non
1852 2830 1957 2859 eon-

346 2890 497 2946 cedat,
524 2907 609 2937 nec
635 2890 674 2936 ei
700 2890 950 2952 quicquam
983 2889 1063 2934 fiat
1099 2889 1291 2952 injuriae,
1320 2889 1430 2934 vitae
1456 2895 1502 2934 et
1539 2889 1678 2934 saluti
1714 2889 1957 2935 consulen-

347 2965 474 3012 dum.
532 2966 686 3021 Quid?
714 2965 750 3011 si
771 2966 848 3027 qui
866 2965 1049 3027 sapiens
1066 2971 1259 3028 rogatus
1278 2965 1336 3010 sit
1353 2965 1411 3010 ab
1429 2980 1497 3017 66,
1518 2965 1595 3027 (1111
1612 2981 1719 3009 611111
1736 2964 1957 3010 heredem
1988 2970 2011 3009 3

347 3040 499 3094 faciat,
528 3058 636 3087 cum
674 3040 718 3086 ei
754 3046 1038 3086 testamento
1076 3040 1342 3085 sestertium
1378 3040 1541 3084 millies
1578 3039 1880 3101 relinquatur,
1909 3046 1961 3084 ut

348 3122 469 3170 ante,
498 3132 639 3178 quam
663 3115 973 3161 hereditatem
1000 3115 1153 3168 adeat,
1182 3115 1285 3160 luce
1312 3115 1469 3176 palam
1494 3115 1537 3159 in
1574 3114 1675 3159 foro
1712 3114 1864 3167 saltet,
1893 3114 1959 3159 id-

348 3206 439 3252 que
465 3206 513 3235 se
540 3191 775 3236 facturum
802 3190 1080 3252 promiserit,
1110 3189 1237 3252 quod
1264 3190 1398 3234 aliter
1423 3189 1645 3234 heredem
1671 3204 1778 3234 eum
1816 3189 1958 3250 scrip-

350 3271 482 3310 turus
507 3265 583 3310 ille
608 3281 701 3309 non
737 3271 889 3310 esset:
928 3265 1083 3318 saciat,
1123 3265 1249 3327 quod
1288 3264 1562 3326 promiserit,
1590 3265 1774 3309 necne?
1845 3264 1959 3309 Pro·
1988 3269 2010 3308 4

350 3339 526 3385 misisse
568 3340 756 3392 nollem,
798 3345 845 3384 et
883 3339 929 3384 id
970 3340 1171 3385 arbitror
1210 3339 1352 3384 fuisse
1395 3339 1652 3401 gravitatis.
1728 3339 1960 3393 Quoniam

351 3414 575 3476 promisit,
604 3414 640 3459 si
666 3414 835 3458 saltare
862 3414 906 3458 in
931 3414 1031 3459 foro
1062 3421 1202 3477 turpe
1240 3415 1394 3467 ducet,
1424 3414 1667 3459 honestius
1694 3414 1959 3466 mentietur,

352 3488 387 3533 si
412 3504 469 3533 ex
492 3488 753 3534 hereditate
779 3488 891 3533 nihil
918 3489 1108 3550 ceperit,
1132 3505 1273 3550 quam
1300 3489 1335 3533 si
1362 3489 1563 3550 ceperit:
1602 3489 1687 3533 nisi
1713 3489 1831 3533 forte
1858 3503 1961 3532 eam

355 3563 597 3624 pecuniam
623 3563 668 3608 in
694 3562 758 3608 rei
784 3562 984 3624 publica}
1011 3578 1236 3625 magnum
1262 3563 1449 3624 aliquod
1477 3570 1665 3624 tempus
1700 3562 1960 3615 contulerit,

357 3644 405 3683 ut
447 3638 520 3683 vel
562 3638 746 3690 saltare,
787 3654 893 3682 cum
932 3637 1095 3698 patriae
1139 3638 1437 3682 consulturus
1475 3638 1545 3689 sit,
1586 3645 1722 3698 turpe
1761 3653 1849 3680 non
1889 3636 1955 3682 sit
