<?xml version="1.0" encoding="UTF-8"?>
<!DOCTYPE html PUBLIC "-//W3C//DTD XHTML 1.0 Transitional//EN"
    "http://www.w3.org/TR/xhtml1/DTD/xhtml1-transitional.dtd">
<html xmlns="http://www.w3.org/1999/xhtml" xml:lang="en" lang="en">
 <head>
  <title>
</title>
<meta http-equiv="Content-Type" content="text/html;charset=utf-8" />
  <meta name='ocr-system' content='tesseract 3.04.00' />
  <meta name='ocr-capabilities' content='ocr_page ocr_carea ocr_par ocr_line ocrx_word'/>
</head>
<body>
  <div class='ocr_page' id='page_1' title='image "./mtulliiciceronis1850cice_0050.png"; bbox 0 0 2054 3470; ppageno 0'>
   <div class='ocr_carea' id='block_1_1' title="bbox 282 204 1285 244">
    <p class='ocr_par' dir='ltr' id='par_1_1' title="bbox 282 204 1285 244">
     <span class='ocr_line' id='line_1_1' title="bbox 282 204 1285 244; baseline -0.001 0"><span class='ocrx_word' id='word_1_1' title='bbox 282 204 341 244; x_wconf 68' lang='lat'>38</span> <span class='ocrx_word' id='word_1_2' title='bbox 977 213 1036 242; x_wconf 82' lang='lat' dir='ltr'>DE</span> <span class='ocrx_word' id='word_1_3' title='bbox 1075 213 1285 243; x_wconf 62' lang='lat' dir='ltr'>ormena</span> 
     </span>
    </p>
   </div>
   <div class='ocr_carea' id='block_1_2' title="bbox 283 320 1979 2329">
    <p class='ocr_par' dir='ltr' id='par_1_2' title="bbox 283 320 1979 2329">
     <span class='ocr_line' id='line_1_2' title="bbox 365 320 1974 385; baseline 0 -18"><span class='ocrx_word' id='word_1_4' title='bbox 365 334 482 368; x_wconf 78' lang='lat' dir='ltr'>inest</span> <span class='ocrx_word' id='word_1_5' title='bbox 511 328 657 384; x_wconf 86' lang='lat' dir='ltr'>parte,</span> <span class='ocrx_word' id='word_1_6' title='bbox 682 321 740 367; x_wconf 88' lang='lat' dir='ltr'>de</span> <span class='ocrx_word' id='word_1_7' title='bbox 760 336 853 385; x_wconf 85' lang='lat' dir='ltr'>qua</span> <span class='ocrx_word' id='word_1_8' title='bbox 872 320 1183 383; x_wconf 72' lang='lat' dir='ltr'>disputamus.</span> <span class='ocrx_word' id='word_1_9' title='bbox 1239 320 1406 383; x_wconf 88' lang='lat' dir='ltr'>Neque</span> <span class='ocrx_word' id='word_1_10' title='bbox 1432 321 1554 366; x_wconf 84' lang='lat' dir='ltr'>enim</span> <span class='ocrx_word' id='word_1_11' title='bbox 1580 320 1731 366; x_wconf 80' lang='lat' dir='ltr'>solum</span> <span class='ocrx_word' id='word_1_12' title='bbox 1757 337 1974 383; x_wconf 73' lang='lat' dir='ltr'>corporis,</span> 
     </span>
     <span class='ocr_line' id='line_1_3' title="bbox 363 395 1977 458; baseline 0 -17"><span class='ocrx_word' id='word_1_13' title='bbox 363 395 442 458; x_wconf 86' lang='lat' dir='ltr'>qui</span> <span class='ocrx_word' id='word_1_14' title='bbox 467 397 527 442; x_wconf 88' lang='lat' dir='ltr'>ad</span> <span class='ocrx_word' id='word_1_15' title='bbox 550 402 766 441; x_wconf 86' lang='lat' dir='ltr'>naturam</span> <span class='ocrx_word' id='word_1_16' title='bbox 792 395 891 458; x_wconf 86' lang='lat' dir='ltr'>apti</span> <span class='ocrx_word' id='word_1_17' title='bbox 915 402 1039 449; x_wconf 88' lang='lat' dir='ltr'>sunt,</span> <span class='ocrx_word' id='word_1_18' title='bbox 1067 395 1151 441; x_wconf 88' lang='lat' dir='ltr'>sed</span> <span class='ocrx_word' id='word_1_19' title='bbox 1187 396 1338 453; x_wconf 81' lang='lat' dir='ltr'>multo</span> <span class='ocrx_word' id='word_1_20' title='bbox 1376 395 1516 441; x_wconf 90' lang='lat' dir='ltr'>etiam</span> <span class='ocrx_word' id='word_1_21' title='bbox 1542 395 1691 458; x_wconf 83' lang='lat' dir='ltr'>magis</span> <span class='ocrx_word' id='word_1_22' title='bbox 1716 395 1858 441; x_wconf 83' lang='lat' dir='ltr'>animi</span> <span class='ocrx_word' id='word_1_23' title='bbox 1882 412 1977 441; x_wconf 87' lang='lat' dir='ltr'>mo-</span> 
     </span>
     <span class='ocr_line' id='line_1_4' title="bbox 283 469 1977 534; baseline 0.001 -19"><span class='ocrx_word' id='word_1_24' title='bbox 283 475 333 517; x_wconf 79' lang='lat'>11</span> <span class='ocrx_word' id='word_1_25' title='bbox 362 477 437 517; x_wconf 88' lang='lat' dir='ltr'>tus</span> <span class='ocrx_word' id='word_1_26' title='bbox 463 470 709 534; x_wconf 85' lang='lat' dir='ltr'>probandi,</span> <span class='ocrx_word' id='word_1_27' title='bbox 738 470 818 532; x_wconf 92' lang='lat' dir='ltr'>qui</span> <span class='ocrx_word' id='word_1_28' title='bbox 842 470 954 516; x_wconf 89' lang='lat' dir='ltr'>item</span> <span class='ocrx_word' id='word_1_29' title='bbox 980 470 1041 516; x_wconf 87' lang='lat' dir='ltr'>ad</span> <span class='ocrx_word' id='word_1_30' title='bbox 1066 476 1283 515; x_wconf 85' lang='lat' dir='ltr'>naturam</span> <span class='ocrx_word' id='word_1_31' title='bbox 1317 469 1664 516; x_wconf 87' lang='lat' dir='ltr'>accommodati</span> <span class='ocrx_word' id='word_1_32' title='bbox 1688 476 1810 517; x_wconf 86' lang='lat' dir='ltr'>sunt.</span> <span class='ocrx_word' id='word_1_33' title='bbox 1880 471 1977 516; x_wconf 90' lang='lat' dir='ltr'>Du-</span> 
     </span>
     <span class='ocr_line' id='line_1_5' title="bbox 362 545 1979 608; baseline -0.001 -17"><span class='ocrx_word' id='word_1_34' title='bbox 362 546 471 608; x_wconf 84' lang='lat' dir='ltr'>plex</span> <span class='ocrx_word' id='word_1_35' title='bbox 497 551 569 591; x_wconf 82' lang='lat' dir='ltr'>est</span> <span class='ocrx_word' id='word_1_36' title='bbox 594 545 716 590; x_wconf 88' lang='lat' dir='ltr'>enim</span> <span class='ocrx_word' id='word_1_37' title='bbox 743 545 809 591; x_wconf 84' lang='lat' dir='ltr'>vis</span> <span class='ocrx_word' id='word_1_38' title='bbox 845 545 1107 591; x_wconf 82' lang='lat' dir='ltr'>animorum</span> <span class='ocrx_word' id='word_1_39' title='bbox 1145 550 1286 607; x_wconf 87' lang='lat' dir='ltr'>atque</span> <span class='ocrx_word' id='word_1_40' title='bbox 1321 551 1518 591; x_wconf 84' lang='lat' dir='ltr'>natura:</span> <span class='ocrx_word' id='word_1_41' title='bbox 1556 560 1650 590; x_wconf 89' lang='lat' dir='ltr'>una</span> <span class='ocrx_word' id='word_1_42' title='bbox 1686 561 1795 607; x_wconf 89' lang='lat' dir='ltr'>pars</span> <span class='ocrx_word' id='word_1_43' title='bbox 1828 545 1873 590; x_wconf 87' lang='lat' dir='ltr'>in</span> <span class='ocrx_word' id='word_1_44' title='bbox 1897 561 1979 608; x_wconf 90' lang='lat' dir='ltr'>ap-</span> 
     </span>
     <span class='ocr_line' id='line_1_6' title="bbox 362 618 1976 683; baseline 0 -17"><span class='ocrx_word' id='word_1_45' title='bbox 362 621 512 682; x_wconf 85' lang='lat' dir='ltr'>petitu</span> <span class='ocrx_word' id='word_1_46' title='bbox 547 620 700 682; x_wconf 88' lang='lat' dir='ltr'>posita</span> <span class='ocrx_word' id='word_1_47' title='bbox 737 626 823 674; x_wconf 87' lang='lat' dir='ltr'>cst,</span> <span class='ocrx_word' id='word_1_48' title='bbox 852 636 958 682; x_wconf 78' lang='lat' dir='ltr'>quae</span> <span class='ocrx_word' id='word_1_49' title='bbox 998 626 1070 666; x_wconf 81' lang='lat' dir='ltr'>cst</span> <span class='ocrx_word' id='word_1_50' title='bbox 1107 618 1215 683; x_wconf 53' lang='grc' dir='ltr'>ὁρμὴ</span> <span class='ocrx_word' id='word_1_51' title='bbox 1247 621 1442 674; x_wconf 80' lang='lat' dir='ltr'>Graece,</span> <span class='ocrx_word' id='word_1_52' title='bbox 1469 636 1575 682; x_wconf 76' lang='lat' dir='ltr'>quae</span> <span class='ocrx_word' id='word_1_53' title='bbox 1613 619 1850 666; x_wconf 87' lang='lat' dir='ltr'>hominem</span> <span class='ocrx_word' id='word_1_54' title='bbox 1885 620 1976 666; x_wconf 84' lang='lat' dir='ltr'>huc</span> 
     </span>
     <span class='ocr_line' id='line_1_7' title="bbox 361 694 1974 757; baseline 0 -16"><span class='ocrx_word' id='word_1_55' title='bbox 361 701 407 741; x_wconf 85' lang='lat' dir='ltr'>ct</span> <span class='ocrx_word' id='word_1_56' title='bbox 431 695 540 741; x_wconf 90' lang='lat' dir='ltr'>illuc</span> <span class='ocrx_word' id='word_1_57' title='bbox 575 695 724 757; x_wconf 88' lang='lat' dir='ltr'>rapit:</span> <span class='ocrx_word' id='word_1_58' title='bbox 762 695 910 740; x_wconf 87' lang='lat' dir='ltr'>altera</span> <span class='ocrx_word' id='word_1_59' title='bbox 933 695 979 740; x_wconf 81' lang='lat' dir='ltr'>in</span> <span class='ocrx_word' id='word_1_60' title='bbox 1003 694 1195 749; x_wconf 81' lang='lat' dir='ltr'>ratione,</span> <span class='ocrx_word' id='word_1_61' title='bbox 1222 710 1329 756; x_wconf 83' lang='lat' dir='ltr'>quae</span> <span class='ocrx_word' id='word_1_62' title='bbox 1366 694 1505 740; x_wconf 91' lang='lat' dir='ltr'>docet</span> <span class='ocrx_word' id='word_1_63' title='bbox 1530 700 1577 740; x_wconf 91' lang='lat' dir='ltr'>et</span> <span class='ocrx_word' id='word_1_64' title='bbox 1602 694 1838 757; x_wconf 78' lang='lat' dir='ltr'>explanat,</span> <span class='ocrx_word' id='word_1_65' title='bbox 1866 695 1974 757; x_wconf 90' lang='lat' dir='ltr'>quid</span> 
     </span>
     <span class='ocr_line' id='line_1_8' title="bbox 360 769 1977 833; baseline 0.001 -19"><span class='ocrx_word' id='word_1_66' title='bbox 360 769 627 816; x_wconf 86' lang='lat' dir='ltr'>faciendum</span> <span class='ocrx_word' id='word_1_67' title='bbox 662 770 998 833; x_wconf 78' lang='lat' dir='ltr'>fugiendumve</span> <span class='ocrx_word' id='word_1_68' title='bbox 1033 770 1105 816; x_wconf 89' lang='lat' dir='ltr'>sit.</span> <span class='ocrx_word' id='word_1_69' title='bbox 1176 771 1252 815; x_wconf 86' lang='lat' dir='ltr'>Ita</span> <span class='ocrx_word' id='word_1_70' title='bbox 1286 769 1351 823; x_wconf 87' lang='lat' dir='ltr'>fit,</span> <span class='ocrx_word' id='word_1_71' title='bbox 1377 775 1431 815; x_wconf 92' lang='lat' dir='ltr'>ut</span> <span class='ocrx_word' id='word_1_72' title='bbox 1455 770 1573 815; x_wconf 88' lang='lat' dir='ltr'>ratio</span> <span class='ocrx_word' id='word_1_73' title='bbox 1596 770 1770 832; x_wconf 75' lang='lat' dir='ltr'>praesit,</span> <span class='ocrx_word' id='word_1_74' title='bbox 1797 770 1977 832; x_wconf 85' lang='lat' dir='ltr'>appeti·</span> 
     </span>
     <span class='ocr_line' id='line_1_9' title="bbox 362 844 1973 908; baseline 0.001 -18"><span class='ocrx_word' id='word_1_75' title='bbox 362 849 436 890; x_wconf 87' lang='lat' dir='ltr'>tus</span> <span class='ocrx_word' id='word_1_76' title='bbox 477 845 787 908; x_wconf 73' lang='lat' dir='ltr'>obtemperet.</span> <span class='ocrx_word' id='word_1_77' title='bbox 857 845 1035 891; x_wconf 86' lang='lat' dir='ltr'>XXIX.</span> <span class='ocrx_word' id='word_1_78' title='bbox 1077 844 1240 890; x_wconf 90' lang='lat' dir='ltr'>Omnis</span> <span class='ocrx_word' id='word_1_79' title='bbox 1281 851 1442 890; x_wconf 88' lang='lat' dir='ltr'>autem</span> <span class='ocrx_word' id='word_1_80' title='bbox 1477 844 1599 890; x_wconf 86' lang='lat' dir='ltr'>actio</span> <span class='ocrx_word' id='word_1_81' title='bbox 1632 860 1798 890; x_wconf 85' lang='lat' dir='ltr'>vacare</span> <span class='ocrx_word' id='word_1_82' title='bbox 1835 845 1973 891; x_wconf 81' lang='lat' dir='ltr'>debet</span> 
     </span>
     <span class='ocr_line' id='line_1_10' title="bbox 359 918 1977 982; baseline 0 -17"><span class='ocrx_word' id='word_1_83' title='bbox 359 920 621 966; x_wconf 78' lang='lat' dir='ltr'>temeritate</span> <span class='ocrx_word' id='word_1_84' title='bbox 657 925 705 965; x_wconf 91' lang='lat' dir='ltr'>et</span> <span class='ocrx_word' id='word_1_85' title='bbox 739 919 1061 982; x_wconf 85' lang='lat' dir='ltr'>negligentia:</span> <span class='ocrx_word' id='word_1_86' title='bbox 1099 935 1186 965; x_wconf 88' lang='lat' dir='ltr'>nec</span> <span class='ocrx_word' id='word_1_87' title='bbox 1221 935 1333 965; x_wconf 83' lang='lat' dir='ltr'>vero</span> <span class='ocrx_word' id='word_1_88' title='bbox 1368 934 1509 981; x_wconf 85' lang='lat' dir='ltr'>agere</span> <span class='ocrx_word' id='word_1_89' title='bbox 1546 918 1815 981; x_wconf 81' lang='lat' dir='ltr'>quidquam,</span> <span class='ocrx_word' id='word_1_90' title='bbox 1843 919 1977 982; x_wconf 85' lang='lat' dir='ltr'>cujus</span> 
     </span>
     <span class='ocr_line' id='line_1_11' title="bbox 306 992 1977 1056; baseline 0 -17"><span class='ocrx_word' id='word_1_91' title='bbox 306 999 332 1039; x_wconf 85' lang='lat'>2</span> <span class='ocrx_word' id='word_1_92' title='bbox 359 1010 452 1040; x_wconf 92' lang='lat' dir='ltr'>non</span> <span class='ocrx_word' id='word_1_93' title='bbox 477 994 627 1056; x_wconf 87' lang='lat' dir='ltr'>possis</span> <span class='ocrx_word' id='word_1_94' title='bbox 654 1009 846 1039; x_wconf 85' lang='lat' dir='ltr'>causam</span> <span class='ocrx_word' id='word_1_95' title='bbox 884 994 1175 1055; x_wconf 81' lang='lat' dir='ltr'>probabilem</span> <span class='ocrx_word' id='word_1_96' title='bbox 1209 992 1420 1039; x_wconf 83' lang='lat' dir='ltr'>reddere.</span> <span class='ocrx_word' id='word_1_97' title='bbox 1492 993 1614 1040; x_wconf 80' lang='lat' dir='ltr'>Haec</span> <span class='ocrx_word' id='word_1_98' title='bbox 1639 999 1711 1040; x_wconf 87' lang='lat' dir='ltr'>est</span> <span class='ocrx_word' id='word_1_99' title='bbox 1735 994 1857 1039; x_wconf 87' lang='lat' dir='ltr'>enim</span> <span class='ocrx_word' id='word_1_100' title='bbox 1880 995 1977 1040; x_wconf 84' lang='lat' dir='ltr'>fere</span> 
     </span>
     <span class='ocr_line' id='line_1_12' title="bbox 359 1068 1975 1131; baseline 0 -17"><span class='ocrx_word' id='word_1_101' title='bbox 359 1068 610 1131; x_wconf 80' lang='lat' dir='ltr'>descriptio</span> <span class='ocrx_word' id='word_1_102' title='bbox 634 1068 782 1114; x_wconf 85' lang='lat' dir='ltr'>officii.</span> <span class='ocrx_word' id='word_1_103' title='bbox 843 1068 1152 1114; x_wconf 87' lang='lat' dir='ltr'>Efficiendum</span> <span class='ocrx_word' id='word_1_104' title='bbox 1176 1073 1336 1113; x_wconf 90' lang='lat' dir='ltr'>autem</span> <span class='ocrx_word' id='word_1_105' title='bbox 1363 1073 1448 1122; x_wconf 86' lang='lat' dir='ltr'>est,</span> <span class='ocrx_word' id='word_1_106' title='bbox 1468 1074 1522 1113; x_wconf 90' lang='lat' dir='ltr'>ut</span> <span class='ocrx_word' id='word_1_107' title='bbox 1546 1068 1787 1130; x_wconf 86' lang='lat' dir='ltr'>appetitus</span> <span class='ocrx_word' id='word_1_108' title='bbox 1812 1068 1975 1115; x_wconf 89' lang='lat' dir='ltr'>rationi</span> 
     </span>
     <span class='ocr_line' id='line_1_13' title="bbox 358 1143 1975 1207; baseline -0.001 -17"><span class='ocrx_word' id='word_1_109' title='bbox 358 1143 594 1198; x_wconf 82' lang='lat' dir='ltr'>obediant,</span> <span class='ocrx_word' id='word_1_110' title='bbox 621 1159 818 1205; x_wconf 88' lang='lat' dir='ltr'>eamque</span> <span class='ocrx_word' id='word_1_111' title='bbox 853 1158 1005 1205; x_wconf 90' lang='lat' dir='ltr'>neque</span> <span class='ocrx_word' id='word_1_112' title='bbox 1041 1147 1348 1204; x_wconf 82' lang='lat' dir='ltr'>praecurrant,</span> <span class='ocrx_word' id='word_1_113' title='bbox 1382 1159 1467 1189; x_wconf 91' lang='lat' dir='ltr'>nec</span> <span class='ocrx_word' id='word_1_114' title='bbox 1505 1149 1701 1205; x_wconf 87' lang='lat' dir='ltr'>propter</span> <span class='ocrx_word' id='word_1_115' title='bbox 1741 1143 1975 1207; x_wconf 79' lang='lat' dir='ltr'>pigritiam</span> 
     </span>
     <span class='ocr_line' id='line_1_14' title="bbox 358 1217 1973 1281; baseline -0.001 -17"><span class='ocrx_word' id='word_1_116' title='bbox 358 1223 441 1264; x_wconf 89' lang='lat' dir='ltr'>aut</span> <span class='ocrx_word' id='word_1_117' title='bbox 463 1218 697 1281; x_wconf 86' lang='lat' dir='ltr'>ignaviam</span> <span class='ocrx_word' id='word_1_118' title='bbox 733 1218 981 1263; x_wconf 76' lang='lat' dir='ltr'>deserant:</span> <span class='ocrx_word' id='word_1_119' title='bbox 1020 1217 1204 1280; x_wconf 86' lang='lat' dir='ltr'>sintque</span> <span class='ocrx_word' id='word_1_120' title='bbox 1240 1217 1491 1280; x_wconf 81' lang='lat' dir='ltr'>tranquilli,</span> <span class='ocrx_word' id='word_1_121' title='bbox 1518 1223 1659 1280; x_wconf 87' lang='lat' dir='ltr'>atque</span> <span class='ocrx_word' id='word_1_122' title='bbox 1684 1219 1805 1264; x_wconf 88' lang='lat' dir='ltr'>omni</span> <span class='ocrx_word' id='word_1_123' title='bbox 1837 1218 1973 1264; x_wconf 85' lang='lat' dir='ltr'>animi</span> 
     </span>
     <span class='ocr_line' id='line_1_15' title="bbox 305 1292 1974 1356; baseline 0 -17"><span class='ocrx_word' id='word_1_124' title='bbox 305 1298 331 1338; x_wconf 90' lang='lat'><strong>3</strong></span> <span class='ocrx_word' id='word_1_125' title='bbox 359 1292 709 1356; x_wconf 83' lang='lat' dir='ltr'>perturbatione</span> <span class='ocrx_word' id='word_1_126' title='bbox 753 1297 955 1338; x_wconf 85' lang='lat' dir='ltr'>careant.</span> <span class='ocrx_word' id='word_1_127' title='bbox 1025 1292 1098 1337; x_wconf 85' lang='lat' dir='ltr'>Ex</span> <span class='ocrx_word' id='word_1_128' title='bbox 1139 1308 1233 1354; x_wconf 93' lang='lat' dir='ltr'>quo</span> <span class='ocrx_word' id='word_1_129' title='bbox 1274 1292 1477 1339; x_wconf 84' lang='lat' dir='ltr'>elucebit</span> <span class='ocrx_word' id='word_1_130' title='bbox 1519 1292 1668 1339; x_wconf 89' lang='lat' dir='ltr'>omnis</span> <span class='ocrx_word' id='word_1_131' title='bbox 1715 1293 1974 1339; x_wconf 84' lang='lat' dir='ltr'>constantia</span> 
     </span>
     <span class='ocr_line' id='line_1_16' title="bbox 358 1367 1974 1430; baseline -0.001 -16"><span class='ocrx_word' id='word_1_132' title='bbox 358 1368 600 1430; x_wconf 88' lang='lat' dir='ltr'>omnisque</span> <span class='ocrx_word' id='word_1_133' title='bbox 623 1367 897 1413; x_wconf 84' lang='lat' dir='ltr'>moderatio.</span> <span class='ocrx_word' id='word_1_134' title='bbox 967 1367 1094 1413; x_wconf 88' lang='lat' dir='ltr'>Nam</span> <span class='ocrx_word' id='word_1_135' title='bbox 1117 1367 1195 1429; x_wconf 90' lang='lat' dir='ltr'>qui</span> <span class='ocrx_word' id='word_1_136' title='bbox 1221 1367 1461 1430; x_wconf 85' lang='lat' dir='ltr'>appetitus</span> <span class='ocrx_word' id='word_1_137' title='bbox 1485 1367 1671 1430; x_wconf 87' lang='lat' dir='ltr'>longius</span> <span class='ocrx_word' id='word_1_138' title='bbox 1696 1374 1974 1430; x_wconf 81' lang='lat' dir='ltr'>evagantur,</span> 
     </span>
     <span class='ocr_line' id='line_1_17' title="bbox 358 1441 1974 1505; baseline -0.001 -16"><span class='ocrx_word' id='word_1_139' title='bbox 358 1449 406 1489; x_wconf 91' lang='lat' dir='ltr'>et</span> <span class='ocrx_word' id='word_1_140' title='bbox 429 1448 671 1505; x_wconf 81' lang='lat' dir='ltr'>tamquam</span> <span class='ocrx_word' id='word_1_141' title='bbox 695 1441 958 1488; x_wconf 84' lang='lat' dir='ltr'>exultantes</span> <span class='ocrx_word' id='word_1_142' title='bbox 984 1442 1079 1487; x_wconf 81' lang='lat' dir='ltr'>sive</span> <span class='ocrx_word' id='word_1_143' title='bbox 1106 1441 1353 1504; x_wconf 88' lang='lat' dir='ltr'>cupiendo,</span> <span class='ocrx_word' id='word_1_144' title='bbox 1375 1442 1471 1487; x_wconf 88' lang='lat' dir='ltr'>sive</span> <span class='ocrx_word' id='word_1_145' title='bbox 1490 1442 1730 1505; x_wconf 85' lang='lat' dir='ltr'>fugiendo,</span> <span class='ocrx_word' id='word_1_146' title='bbox 1751 1458 1841 1488; x_wconf 91' lang='lat' dir='ltr'>non</span> <span class='ocrx_word' id='word_1_147' title='bbox 1863 1443 1974 1488; x_wconf 86' lang='lat' dir='ltr'>satis</span> 
     </span>
     <span class='ocr_line' id='line_1_18' title="bbox 357 1516 1973 1571; baseline 0.001 -8"><span class='ocrx_word' id='word_1_148' title='bbox 357 1533 385 1563; x_wconf 87' lang='lat' dir='ltr'>a</span> <span class='ocrx_word' id='word_1_149' title='bbox 408 1517 586 1564; x_wconf 90' lang='lat' dir='ltr'>ratione</span> <span class='ocrx_word' id='word_1_150' title='bbox 610 1517 881 1571; x_wconf 89' lang='lat' dir='ltr'>retinentur,</span> <span class='ocrx_word' id='word_1_151' title='bbox 908 1516 937 1562; x_wconf 91' lang='lat' dir='ltr'>ii</span> <span class='ocrx_word' id='word_1_152' title='bbox 962 1516 1058 1562; x_wconf 88' lang='lat' dir='ltr'>sine</span> <span class='ocrx_word' id='word_1_153' title='bbox 1084 1516 1228 1563; x_wconf 88' lang='lat' dir='ltr'>dubio</span> <span class='ocrx_word' id='word_1_154' title='bbox 1264 1517 1403 1563; x_wconf 91' lang='lat' dir='ltr'>finem</span> <span class='ocrx_word' id='word_1_155' title='bbox 1427 1522 1474 1562; x_wconf 93' lang='lat' dir='ltr'>et</span> <span class='ocrx_word' id='word_1_156' title='bbox 1496 1516 1692 1563; x_wconf 89' lang='lat' dir='ltr'>modum</span> <span class='ocrx_word' id='word_1_157' title='bbox 1717 1523 1973 1564; x_wconf 87' lang='lat' dir='ltr'>transeunt.</span> 
     </span>
     <span class='ocr_line' id='line_1_19' title="bbox 357 1591 1972 1655; baseline 0 -17"><span class='ocrx_word' id='word_1_158' title='bbox 357 1592 644 1655; x_wconf 85' lang='lat' dir='ltr'>Relinquunt</span> <span class='ocrx_word' id='word_1_159' title='bbox 669 1592 790 1638; x_wconf 89' lang='lat' dir='ltr'>enim</span> <span class='ocrx_word' id='word_1_160' title='bbox 817 1597 865 1638; x_wconf 93' lang='lat' dir='ltr'>et</span> <span class='ocrx_word' id='word_1_161' title='bbox 890 1591 1117 1654; x_wconf 88' lang='lat' dir='ltr'>abjiciunt</span> <span class='ocrx_word' id='word_1_162' title='bbox 1141 1591 1468 1646; x_wconf 87' lang='lat' dir='ltr'>obedientiam,</span> <span class='ocrx_word' id='word_1_163' title='bbox 1493 1607 1578 1638; x_wconf 90' lang='lat' dir='ltr'>nec</span> <span class='ocrx_word' id='word_1_164' title='bbox 1603 1591 1767 1638; x_wconf 86' lang='lat' dir='ltr'>rationi</span> <span class='ocrx_word' id='word_1_165' title='bbox 1791 1599 1972 1655; x_wconf 88' lang='lat' dir='ltr'>parent,</span> 
     </span>
     <span class='ocr_line' id='line_1_20' title="bbox 357 1666 1972 1730; baseline -0.001 -17"><span class='ocrx_word' id='word_1_166' title='bbox 357 1666 430 1714; x_wconf 93' lang='lat' dir='ltr'>cui</span> <span class='ocrx_word' id='word_1_167' title='bbox 454 1673 564 1713; x_wconf 87' lang='lat' dir='ltr'>sunt</span> <span class='ocrx_word' id='word_1_168' title='bbox 588 1666 789 1730; x_wconf 89' lang='lat' dir='ltr'>subjecti</span> <span class='ocrx_word' id='word_1_169' title='bbox 812 1666 918 1730; x_wconf 87' lang='lat' dir='ltr'>lege</span> <span class='ocrx_word' id='word_1_170' title='bbox 938 1672 1119 1712; x_wconf 79' lang='lat' dir='ltr'>naturae</span> <span class='ocrx_word' id='word_1_171' title='bbox 1141 1682 1149 1712; x_wconf 92' lang='lat'>:</span> <span class='ocrx_word' id='word_1_172' title='bbox 1177 1682 1204 1711; x_wconf 91' lang='lat' dir='ltr'>a</span> <span class='ocrx_word' id='word_1_173' title='bbox 1228 1666 1398 1728; x_wconf 90' lang='lat' dir='ltr'>quibus</span> <span class='ocrx_word' id='word_1_174' title='bbox 1422 1682 1515 1712; x_wconf 91' lang='lat' dir='ltr'>non</span> <span class='ocrx_word' id='word_1_175' title='bbox 1538 1666 1681 1712; x_wconf 90' lang='lat' dir='ltr'>modo</span> <span class='ocrx_word' id='word_1_176' title='bbox 1705 1666 1844 1712; x_wconf 88' lang='lat' dir='ltr'>animi</span> <span class='ocrx_word' id='word_1_177' title='bbox 1870 1683 1972 1729; x_wconf 87' lang='lat' dir='ltr'>per-</span> 
     </span>
     <span class='ocr_line' id='line_1_21' title="bbox 303 1740 1971 1804; baseline -0.001 -16"><span class='ocrx_word' id='word_1_178' title='bbox 303 1746 331 1788; x_wconf 83' lang='lat'>4</span> <span class='ocrx_word' id='word_1_179' title='bbox 356 1743 619 1797; x_wconf 85' lang='lat' dir='ltr'>turbantur,</span> <span class='ocrx_word' id='word_1_180' title='bbox 645 1741 730 1787; x_wconf 89' lang='lat' dir='ltr'>sed</span> <span class='ocrx_word' id='word_1_181' title='bbox 755 1741 896 1787; x_wconf 90' lang='lat' dir='ltr'>etiam</span> <span class='ocrx_word' id='word_1_182' title='bbox 932 1757 1142 1804; x_wconf 86' lang='lat' dir='ltr'>corpora.</span> <span class='ocrx_word' id='word_1_183' title='bbox 1214 1741 1346 1787; x_wconf 87' lang='lat' dir='ltr'>Licet</span> <span class='ocrx_word' id='word_1_184' title='bbox 1372 1757 1454 1786; x_wconf 84' lang='lat' dir='ltr'>ora</span> <span class='ocrx_word' id='word_1_185' title='bbox 1478 1740 1579 1803; x_wconf 90' lang='lat' dir='ltr'>ipsa</span> <span class='ocrx_word' id='word_1_186' title='bbox 1615 1757 1802 1787; x_wconf 87' lang='lat' dir='ltr'>cernere</span> <span class='ocrx_word' id='word_1_187' title='bbox 1834 1741 1971 1787; x_wconf 88' lang='lat' dir='ltr'>irato-</span> 
     </span>
     <span class='ocr_line' id='line_1_22' title="bbox 355 1815 1970 1878; baseline -0.001 -15"><span class='ocrx_word' id='word_1_188' title='bbox 355 1833 475 1872; x_wconf 87' lang='lat' dir='ltr'>rum,</span> <span class='ocrx_word' id='word_1_189' title='bbox 503 1822 585 1863; x_wconf 88' lang='lat' dir='ltr'>aut</span> <span class='ocrx_word' id='word_1_190' title='bbox 610 1833 787 1870; x_wconf 87' lang='lat' dir='ltr'>eorum,</span> <span class='ocrx_word' id='word_1_191' title='bbox 814 1816 894 1878; x_wconf 90' lang='lat' dir='ltr'>qui</span> <span class='ocrx_word' id='word_1_192' title='bbox 929 1822 1014 1862; x_wconf 86' lang='lat' dir='ltr'>aut</span> <span class='ocrx_word' id='word_1_193' title='bbox 1048 1816 1237 1862; x_wconf 88' lang='lat' dir='ltr'>libidine</span> <span class='ocrx_word' id='word_1_194' title='bbox 1274 1816 1429 1878; x_wconf 83' lang='lat' dir='ltr'>aliqua</span> <span class='ocrx_word' id='word_1_195' title='bbox 1464 1821 1546 1861; x_wconf 89' lang='lat' dir='ltr'>aut</span> <span class='ocrx_word' id='word_1_196' title='bbox 1585 1821 1716 1861; x_wconf 86' lang='lat' dir='ltr'>metu</span> <span class='ocrx_word' id='word_1_197' title='bbox 1752 1815 1970 1862; x_wconf 87' lang='lat' dir='ltr'>commoti</span> 
     </span>
     <span class='ocr_line' id='line_1_23' title="bbox 356 1890 1970 1954; baseline -0.001 -16"><span class='ocrx_word' id='word_1_198' title='bbox 356 1898 479 1947; x_wconf 83' lang='lat' dir='ltr'>sunt,</span> <span class='ocrx_word' id='word_1_199' title='bbox 505 1897 587 1938; x_wconf 89' lang='lat' dir='ltr'>aut</span> <span class='ocrx_word' id='word_1_200' title='bbox 611 1891 854 1954; x_wconf 84' lang='lat' dir='ltr'>voluptate</span> <span class='ocrx_word' id='word_1_201' title='bbox 880 1891 1020 1936; x_wconf 85' lang='lat' dir='ltr'>nimia</span> <span class='ocrx_word' id='word_1_202' title='bbox 1055 1891 1263 1954; x_wconf 85' lang='lat' dir='ltr'>gestiunt</span> <span class='ocrx_word' id='word_1_203' title='bbox 1285 1906 1294 1937; x_wconf 90' lang='lat'>:</span> <span class='ocrx_word' id='word_1_204' title='bbox 1332 1907 1532 1952; x_wconf 87' lang='lat' dir='ltr'>quorum</span> <span class='ocrx_word' id='word_1_205' title='bbox 1567 1890 1771 1936; x_wconf 90' lang='lat' dir='ltr'>omnium</span> <span class='ocrx_word' id='word_1_206' title='bbox 1797 1892 1970 1946; x_wconf 84' lang='lat' dir='ltr'>vultus,</span> 
     </span>
     <span class='ocr_line' id='line_1_24' title="bbox 304 1965 1967 2030; baseline -0.001 -17"><span class='ocrx_word' id='word_1_207' title='bbox 304 1975 330 2014; x_wconf 88' lang='lat'>5</span> <span class='ocrx_word' id='word_1_208' title='bbox 357 1979 510 2022; x_wconf 78' lang='lat' dir='ltr'>voceS,</span> <span class='ocrx_word' id='word_1_209' title='bbox 535 1972 691 2012; x_wconf 87' lang='lat' dir='ltr'>motus</span> <span class='ocrx_word' id='word_1_210' title='bbox 717 1971 964 2028; x_wconf 87' lang='lat' dir='ltr'>statusque</span> <span class='ocrx_word' id='word_1_211' title='bbox 990 1972 1246 2012; x_wconf 85' lang='lat' dir='ltr'>mutantur.</span> <span class='ocrx_word' id='word_1_212' title='bbox 1316 1966 1389 2012; x_wconf 82' lang='lat' dir='ltr'>Ex</span> <span class='ocrx_word' id='word_1_213' title='bbox 1414 1965 1583 2028; x_wconf 88' lang='lat' dir='ltr'>quibus</span> <span class='ocrx_word' id='word_1_214' title='bbox 1608 1965 1723 2011; x_wconf 88' lang='lat' dir='ltr'>illud</span> <span class='ocrx_word' id='word_1_215' title='bbox 1755 1965 1967 2030; x_wconf 81' lang='lat' dir='ltr'>intelligi-</span> 
     </span>
     <span class='ocr_line' id='line_1_25' title="bbox 335 2039 1969 2106; baseline -0.001 -18"><span class='ocrx_word' id='word_1_216' title='bbox 335 2048 411 2088; x_wconf 89' lang='lat' dir='ltr'>tur</span> <span class='ocrx_word' id='word_1_217' title='bbox 437 2040 510 2106; x_wconf 89' lang='lat' dir='ltr'>(ut</span> <span class='ocrx_word' id='word_1_218' title='bbox 533 2041 594 2088; x_wconf 90' lang='lat' dir='ltr'>ad</span> <span class='ocrx_word' id='word_1_219' title='bbox 620 2041 756 2088; x_wconf 88' lang='lat' dir='ltr'>officii</span> <span class='ocrx_word' id='word_1_220' title='bbox 779 2042 980 2087; x_wconf 83' lang='lat' dir='ltr'>formam</span> <span class='ocrx_word' id='word_1_221' title='bbox 1003 2039 1315 2104; x_wconf 84' lang='lat' dir='ltr'>revertamur)</span> <span class='ocrx_word' id='word_1_222' title='bbox 1337 2040 1577 2103; x_wconf 87' lang='lat' dir='ltr'>appetitus</span> <span class='ocrx_word' id='word_1_223' title='bbox 1602 2056 1763 2086; x_wconf 87' lang='lat' dir='ltr'>omnes</span> <span class='ocrx_word' id='word_1_224' title='bbox 1789 2048 1969 2086; x_wconf 87' lang='lat' dir='ltr'>contra—</span> 
     </span>
     <span class='ocr_line' id='line_1_26' title="bbox 355 2114 1970 2177; baseline -0.001 -15"><span class='ocrx_word' id='word_1_225' title='bbox 355 2116 535 2163; x_wconf 90' lang='lat' dir='ltr'>hendos</span> <span class='ocrx_word' id='word_1_226' title='bbox 577 2116 905 2177; x_wconf 81' lang='lat' dir='ltr'>sedandosque</span> <span class='ocrx_word' id='word_1_227' title='bbox 942 2132 1059 2170; x_wconf 85' lang='lat' dir='ltr'>esse,</span> <span class='ocrx_word' id='word_1_228' title='bbox 1097 2116 1488 2177; x_wconf 84' lang='lat' dir='ltr'>excitandamque</span> <span class='ocrx_word' id='word_1_229' title='bbox 1523 2114 1970 2161; x_wconf 87' lang='lat' dir='ltr'>animadversionem</span> 
     </span>
     <span class='ocr_line' id='line_1_27' title="bbox 357 2189 1969 2254; baseline 0 -17"><span class='ocrx_word' id='word_1_230' title='bbox 357 2197 404 2238; x_wconf 90' lang='lat' dir='ltr'>et</span> <span class='ocrx_word' id='word_1_231' title='bbox 430 2191 730 2254; x_wconf 81' lang='lat' dir='ltr'>diligentiam,</span> <span class='ocrx_word' id='word_1_232' title='bbox 756 2196 810 2236; x_wconf 87' lang='lat' dir='ltr'>ut</span> <span class='ocrx_word' id='word_1_233' title='bbox 846 2206 904 2236; x_wconf 91' lang='lat' dir='ltr'>ne</span> <span class='ocrx_word' id='word_1_234' title='bbox 941 2190 1053 2252; x_wconf 88' lang='lat' dir='ltr'>quid</span> <span class='ocrx_word' id='word_1_235' title='bbox 1090 2196 1265 2236; x_wconf 86' lang='lat' dir='ltr'>temere</span> <span class='ocrx_word' id='word_1_236' title='bbox 1307 2205 1362 2235; x_wconf 85' lang='lat' dir='ltr'>ac</span> <span class='ocrx_word' id='word_1_237' title='bbox 1399 2189 1604 2243; x_wconf 84' lang='lat' dir='ltr'>fortuitO,</span> <span class='ocrx_word' id='word_1_238' title='bbox 1630 2189 1969 2237; x_wconf 85' lang='lat' dir='ltr'>inconsiderate</span> 
     </span>
     <span class='ocr_line' id='line_1_28' title="bbox 358 2257 1334 2329; baseline -0.001 -17"><span class='ocrx_word' id='word_1_239' title='bbox 358 2266 742 2329; x_wconf 86' lang='lat' dir='ltr'>negligenterque</span> <span class='ocrx_word' id='word_1_240' title='bbox 767 2281 978 2328; x_wconf 83' lang='lat' dir='ltr'>agamus.</span> <span class='ocrx_word' id='word_1_241' title='bbox 1328 2257 1334 2265; x_wconf 65' lang='lat'><em>⁷</em></span> 
     </span>
    </p>
   </div>
   <div class='ocr_carea' id='block_1_3' title="bbox 305 2413 1969 3075">
    <p class='ocr_par' dir='ltr' id='par_1_3' title="bbox 305 2413 1969 3075">
     <span class='ocr_line' id='line_1_29' title="bbox 305 2413 1969 2477; baseline -0.001 -15"><span class='ocrx_word' id='word_1_242' title='bbox 305 2421 330 2462; x_wconf 85' lang='lat'>6</span> <span class='ocrx_word' id='word_1_243' title='bbox 423 2414 754 2477; x_wconf 82' lang='lat' dir='ltr'>Neque‘enim</span> <span class='ocrx_word' id='word_1_244' title='bbox 794 2413 859 2459; x_wconf 87' lang='lat' dir='ltr'>ita</span> <span class='ocrx_word' id='word_1_245' title='bbox 893 2414 1101 2477; x_wconf 86' lang='lat' dir='ltr'>generati</span> <span class='ocrx_word' id='word_1_246' title='bbox 1137 2430 1164 2459; x_wconf 89' lang='lat' dir='ltr'>a</span> <span class='ocrx_word' id='word_1_247' title='bbox 1199 2420 1367 2460; x_wconf 82' lang='lat' dir='ltr'>natura</span> <span class='ocrx_word' id='word_1_248' title='bbox 1405 2429 1582 2468; x_wconf 77' lang='lat' dir='ltr'>sumUS,</span> <span class='ocrx_word' id='word_1_249' title='bbox 1619 2419 1672 2459; x_wconf 87' lang='lat' dir='ltr'>ut</span> <span class='ocrx_word' id='word_1_250' title='bbox 1707 2413 1768 2460; x_wconf 89' lang='lat' dir='ltr'>ad</span> <span class='ocrx_word' id='word_1_251' title='bbox 1804 2414 1969 2461; x_wconf 87' lang='lat' dir='ltr'>ludum</span> 
     </span>
     <span class='ocr_line' id='line_1_30' title="bbox 357 2488 1968 2552; baseline 0 -16"><span class='ocrx_word' id='word_1_252' title='bbox 357 2497 404 2536; x_wconf 85' lang='lat' dir='ltr'>et</span> <span class='ocrx_word' id='word_1_253' title='bbox 425 2490 585 2552; x_wconf 85' lang='lat' dir='ltr'>jocum</span> <span class='ocrx_word' id='word_1_254' title='bbox 620 2489 733 2535; x_wconf 85' lang='lat' dir='ltr'>facti</span> <span class='ocrx_word' id='word_1_255' title='bbox 767 2504 868 2535; x_wconf 85' lang='lat' dir='ltr'>esse</span> <span class='ocrx_word' id='word_1_256' title='bbox 894 2488 1166 2535; x_wconf 86' lang='lat' dir='ltr'>videamur:</span> <span class='ocrx_word' id='word_1_257' title='bbox 1204 2489 1264 2535; x_wconf 90' lang='lat' dir='ltr'>ad</span> <span class='ocrx_word' id='word_1_258' title='bbox 1301 2488 1597 2534; x_wconf 88' lang='lat' dir='ltr'>severitatem</span> <span class='ocrx_word' id='word_1_259' title='bbox 1633 2488 1803 2551; x_wconf 87' lang='lat' dir='ltr'>potius,</span> <span class='ocrx_word' id='word_1_260' title='bbox 1831 2495 1879 2535; x_wconf 92' lang='lat' dir='ltr'>et</span> <span class='ocrx_word' id='word_1_261' title='bbox 1906 2489 1968 2536; x_wconf 87' lang='lat' dir='ltr'>ad</span> 
     </span>
     <span class='ocr_line' id='line_1_31' title="bbox 306 2562 1967 2627; baseline -0.001 -16"><span class='ocrx_word' id='word_1_262' title='bbox 306 2565 330 2611; x_wconf 87' lang='lat'><strong>7</strong></span> <span class='ocrx_word' id='word_1_263' title='bbox 358 2564 577 2626; x_wconf 85' lang='lat' dir='ltr'>quaedam</span> <span class='ocrx_word' id='word_1_264' title='bbox 603 2563 757 2609; x_wconf 85' lang='lat' dir='ltr'>studia</span> <span class='ocrx_word' id='word_1_265' title='bbox 780 2563 995 2626; x_wconf 86' lang='lat' dir='ltr'>graviora</span> <span class='ocrx_word' id='word_1_266' title='bbox 1019 2570 1160 2625; x_wconf 88' lang='lat' dir='ltr'>atque</span> <span class='ocrx_word' id='word_1_267' title='bbox 1184 2563 1388 2626; x_wconf 63' lang='lat' dir='ltr'>majora.&gt;</span> <span class='ocrx_word' id='word_1_268' title='bbox 1446 2562 1584 2608; x_wconf 92' lang='lat' dir='ltr'>Ludo</span> <span class='ocrx_word' id='word_1_269' title='bbox 1609 2568 1766 2608; x_wconf 84' lang='lat' dir='ltr'>autem</span> <span class='ocrx_word' id='word_1_270' title='bbox 1791 2569 1839 2609; x_wconf 91' lang='lat' dir='ltr'>et</span> <span class='ocrx_word' id='word_1_271' title='bbox 1857 2563 1967 2627; x_wconf 86' lang='lat' dir='ltr'>joco</span> 
     </span>
     <span class='ocr_line' id='line_1_32' title="bbox 358 2637 1965 2700; baseline -0.001 -16"><span class='ocrx_word' id='word_1_272' title='bbox 358 2639 426 2685; x_wconf 91' lang='lat' dir='ltr'>uti</span> <span class='ocrx_word' id='word_1_273' title='bbox 465 2639 543 2684; x_wconf 88' lang='lat' dir='ltr'>illo</span> <span class='ocrx_word' id='word_1_274' title='bbox 578 2638 767 2700; x_wconf 89' lang='lat' dir='ltr'>quidem</span> <span class='ocrx_word' id='word_1_275' title='bbox 801 2638 941 2684; x_wconf 88' lang='lat' dir='ltr'>licet:</span> <span class='ocrx_word' id='word_1_276' title='bbox 980 2638 1065 2684; x_wconf 85' lang='lat' dir='ltr'>sed</span> <span class='ocrx_word' id='word_1_277' title='bbox 1101 2638 1221 2699; x_wconf 87' lang='lat' dir='ltr'>sicut</span> <span class='ocrx_word' id='word_1_278' title='bbox 1256 2654 1420 2683; x_wconf 89' lang='lat' dir='ltr'>somno</span> <span class='ocrx_word' id='word_1_279' title='bbox 1445 2643 1492 2683; x_wconf 90' lang='lat' dir='ltr'>et</span> <span class='ocrx_word' id='word_1_280' title='bbox 1516 2637 1750 2699; x_wconf 87' lang='lat' dir='ltr'>quietibus</span> <span class='ocrx_word' id='word_1_281' title='bbox 1786 2638 1965 2693; x_wconf 90' lang='lat' dir='ltr'>ceteris,</span> 
     </span>
     <span class='ocr_line' id='line_1_33' title="bbox 305 2712 1968 2776; baseline 0.001 -19"><span class='ocrx_word' id='word_1_282' title='bbox 305 2720 331 2757; x_wconf 70' lang='grc' dir='ltr'><strong>Β</strong></span> <span class='ocrx_word' id='word_1_283' title='bbox 360 2719 474 2768; x_wconf 88' lang='lat' dir='ltr'>tum,</span> <span class='ocrx_word' id='word_1_284' title='bbox 497 2730 603 2759; x_wconf 93' lang='lat' dir='ltr'>cum</span> <span class='ocrx_word' id='word_1_285' title='bbox 629 2712 850 2776; x_wconf 81' lang='lat' dir='ltr'>gravibus</span> <span class='ocrx_word' id='word_1_286' title='bbox 874 2712 1094 2774; x_wconf 84' lang='lat' dir='ltr'>seriisque</span> <span class='ocrx_word' id='word_1_287' title='bbox 1114 2713 1253 2759; x_wconf 90' lang='lat' dir='ltr'>rebus</span> <span class='ocrx_word' id='word_1_288' title='bbox 1274 2712 1648 2758; x_wconf 82' lang='lat' dir='ltr'>satisfecerimus.</span> <span class='ocrx_word' id='word_1_289' title='bbox 1708 2713 1968 2775; x_wconf 84' lang='lat' dir='ltr'>Ipsumque</span> 
     </span>
     <span class='ocr_line' id='line_1_34' title="bbox 357 2786 1967 2850; baseline -0.001 -16"><span class='ocrx_word' id='word_1_290' title='bbox 357 2804 507 2850; x_wconf 84' lang='lat' dir='ltr'>genus</span> <span class='ocrx_word' id='word_1_291' title='bbox 528 2787 718 2850; x_wconf 87' lang='lat' dir='ltr'>jocandi</span> <span class='ocrx_word' id='word_1_292' title='bbox 740 2803 833 2832; x_wconf 90' lang='lat' dir='ltr'>non</span> <span class='ocrx_word' id='word_1_293' title='bbox 858 2787 1103 2849; x_wconf 87' lang='lat' dir='ltr'>profusum</span> <span class='ocrx_word' id='word_1_294' title='bbox 1128 2803 1213 2832; x_wconf 91' lang='lat' dir='ltr'>nec</span> <span class='ocrx_word' id='word_1_295' title='bbox 1237 2786 1583 2841; x_wconf 87' lang='lat' dir='ltr'>immodestum,</span> <span class='ocrx_word' id='word_1_296' title='bbox 1605 2786 1689 2832; x_wconf 86' lang='lat' dir='ltr'>sed</span> <span class='ocrx_word' id='word_1_297' title='bbox 1713 2786 1967 2849; x_wconf 86' lang='lat' dir='ltr'>ingenuum</span> 
     </span>
     <span class='ocr_line' id='line_1_35' title="bbox 305 2860 1967 2923; baseline 0 -16"><span class='ocrx_word' id='word_1_298' title='bbox 305 2867 330 2908; x_wconf 78' lang='lat'>9</span> <span class='ocrx_word' id='word_1_299' title='bbox 358 2869 404 2907; x_wconf 88' lang='lat' dir='ltr'>et</span> <span class='ocrx_word' id='word_1_300' title='bbox 427 2862 631 2908; x_wconf 84' lang='lat' dir='ltr'>facetum</span> <span class='ocrx_word' id='word_1_301' title='bbox 657 2877 758 2907; x_wconf 88' lang='lat' dir='ltr'>esse</span> <span class='ocrx_word' id='word_1_302' title='bbox 784 2861 941 2909; x_wconf 89' lang='lat' dir='ltr'>debet.</span> <span class='ocrx_word' id='word_1_303' title='bbox 1011 2861 1079 2907; x_wconf 92' lang='lat' dir='ltr'>Ut</span> <span class='ocrx_word' id='word_1_304' title='bbox 1102 2861 1222 2907; x_wconf 89' lang='lat' dir='ltr'>enim</span> <span class='ocrx_word' id='word_1_305' title='bbox 1249 2861 1403 2923; x_wconf 82' lang='lat' dir='ltr'>pueris</span> <span class='ocrx_word' id='word_1_306' title='bbox 1427 2877 1520 2907; x_wconf 90' lang='lat' dir='ltr'>non</span> <span class='ocrx_word' id='word_1_307' title='bbox 1555 2876 1741 2907; x_wconf 88' lang='lat' dir='ltr'>omnem</span> <span class='ocrx_word' id='word_1_308' title='bbox 1775 2860 1967 2907; x_wconf 89' lang='lat' dir='ltr'>ludendi</span> 
     </span>
     <span class='ocr_line' id='line_1_36' title="bbox 357 2935 1966 2998; baseline 0.001 -16"><span class='ocrx_word' id='word_1_309' title='bbox 357 2937 590 2983; x_wconf 86' lang='lat' dir='ltr'>licentiam</span> <span class='ocrx_word' id='word_1_310' title='bbox 615 2937 796 2990; x_wconf 86' lang='lat' dir='ltr'>damus,</span> <span class='ocrx_word' id='word_1_311' title='bbox 825 2936 907 2981; x_wconf 89' lang='lat' dir='ltr'>sed</span> <span class='ocrx_word' id='word_1_312' title='bbox 933 2952 1049 2991; x_wconf 84' lang='lat' dir='ltr'>eam,</span> <span class='ocrx_word' id='word_1_313' title='bbox 1077 2951 1182 2998; x_wconf 82' lang='lat' dir='ltr'>quae</span> <span class='ocrx_word' id='word_1_314' title='bbox 1206 2937 1265 2982; x_wconf 89' lang='lat' dir='ltr'>ab</span> <span class='ocrx_word' id='word_1_315' title='bbox 1292 2935 1547 2982; x_wconf 87' lang='lat' dir='ltr'>honestatis</span> <span class='ocrx_word' id='word_1_316' title='bbox 1584 2935 1843 2982; x_wconf 88' lang='lat' dir='ltr'>actionibus</span> <span class='ocrx_word' id='word_1_317' title='bbox 1877 2951 1966 2983; x_wconf 90' lang='lat' dir='ltr'>non</span> 
     </span>
     <span class='ocr_line' id='line_1_37' title="bbox 335 3004 1965 3075; baseline -0.001 -18"><span class='ocrx_word' id='word_1_318' title='bbox 335 3004 417 3057; x_wconf 42' lang='lat' dir='ltr'>&#39;sit</span> <span class='ocrx_word' id='word_1_319' title='bbox 441 3012 619 3058; x_wconf 85' lang='lat' dir='ltr'>aliena:</span> <span class='ocrx_word' id='word_1_320' title='bbox 657 3011 720 3058; x_wconf 85' lang='lat' dir='ltr'>sie</span> <span class='ocrx_word' id='word_1_321' title='bbox 746 3011 790 3057; x_wconf 89' lang='lat' dir='ltr'>in</span> <span class='ocrx_word' id='word_1_322' title='bbox 816 3011 916 3074; x_wconf 89' lang='lat' dir='ltr'>ipso</span> <span class='ocrx_word' id='word_1_323' title='bbox 947 3011 1057 3075; x_wconf 90' lang='lat' dir='ltr'>joco</span> <span class='ocrx_word' id='word_1_324' title='bbox 1093 3010 1281 3073; x_wconf 85' lang='lat' dir='ltr'>aliquod</span> <span class='ocrx_word' id='word_1_325' title='bbox 1320 3011 1451 3073; x_wconf 89' lang='lat' dir='ltr'>probi</span> <span class='ocrx_word' id='word_1_326' title='bbox 1489 3009 1658 3074; x_wconf 85' lang='lat' dir='ltr'>ingenii</span> <span class='ocrx_word' id='word_1_327' title='bbox 1690 3009 1847 3056; x_wconf 84' lang='lat' dir='ltr'>lumen</span> <span class='ocrx_word' id='word_1_328' title='bbox 1870 3008 1965 3056; x_wconf 85' lang='lat' dir='ltr'>elu-</span> 
     </span>
    </p>
   </div>
  </div>
 </body>
</html>
