2054 3470
672 253 812 282 LIBER
837 253 866 282 1.
939 252 1048 282 oAP.
1076 253 1203 283 xxxi.
1734 242 1783 282 41

93 363 293 426 quidem,
321 361 664 408 severissimum
689 359 1095 423 philosophorum,
1123 359 1183 405 ob
1209 375 1406 422 eamque
1431 375 1528 405 rem
1554 358 1704 421 ipsam

91 454 316 501 magnum
342 443 389 483 et
425 436 603 483 clarum
637 435 795 481 fuisse.
865 434 1237 480 Innumerabiles
1274 434 1376 480 aliae
1421 433 1703 479 dissimilitu-
1734 433 1785 479 17

91 513 221 559 dines
271 518 380 558 sunt
427 518 609 557 naturae
655 524 949 571 morumque,
998 508 1185 554 minime
1233 515 1391 554 tamen
1436 508 1703 571 vituperan-

92 587 274 633 dorum.

155 737 332 782 XXXI.
359 735 640 782 Admodum
665 740 823 780 autem
850 732 1051 779 tenenda
1077 739 1186 778 sunt
1210 750 1295 778 sua
1316 732 1497 795 cuique,
1523 749 1615 778 non
1643 731 1703 777 vi-

91 811 220 864 tiosa,
237 811 320 857 sed
340 817 497 856 tamen
516 809 718 873 propria,
738 825 831 871 quo
849 808 1028 854 facilius
1045 807 1268 854 decorum
1283 808 1413 862 illud,
1432 807 1559 871 quod
1577 823 1702 870 quae-

91 885 246 939 rimus,
273 885 541 932 retineatur.
614 884 691 931 Sic
730 884 853 930 enim
889 888 961 929 est
998 882 1281 937 faciendum,
1318 888 1373 929 ut
1408 888 1570 929 contra
1604 883 1702 928 uni·
1731 887 1757 930 2

92 976 274 1006 versam
314 966 534 1006 naturam
575 959 694 1006 nihil
736 958 1091 1012 contendamus,
1130 973 1185 1004 ea
1220 964 1379 1003 tamen
1415 963 1702 1012 conservata,

91 1035 329 1098 propriam
363 1041 583 1081 naturam
619 1050 875 1097 sequamur
896 1049 906 1088 ;
943 1038 1011 1088 ut,
1039 1032 1222 1080 etiamsi
1246 1032 1337 1079 sint
1361 1033 1450 1079 alia
1474 1032 1702 1096 graviora,

90 1116 246 1156 tamen
286 1126 371 1156 nos
413 1109 570 1156 studia
609 1116 769 1156 nostra
808 1114 981 1155 nostrae
1018 1114 1203 1155 naturae
1239 1108 1404 1172 regula
1438 1108 1701 1154 metiamur.

90 1184 258 1247 Neque
283 1184 406 1231 enim
442 1184 610 1230 attinet
643 1190 825 1230 naturae
854 1198 1135 1246 repugnare,
1161 1198 1247 1229 nec
1283 1183 1534 1246 quicquam
1557 1182 1702 1245 sequi,
1731 1188 1756 1228 3

90 1260 217 1322 quod
255 1259 442 1322 assequi
478 1276 573 1305 non
609 1275 769 1322 queas,
798 1257 877 1323 (ex
912 1274 1006 1320 quo
1040 1257 1193 1321 magis
1229 1258 1442 1321 emergit,
1470 1258 1609 1320 quale
1645 1257 1704 1303 sit

90 1335 316 1381 decorum
360 1333 514 1399 illud,)
557 1335 677 1389 ideo,
721 1334 830 1396 quia
870 1334 983 1379 nihil
1025 1332 1164 1379 decet
1204 1333 1348 1379 invita
1388 1333 1613 1387 Minerva,
1651 1339 1705 1378 ut

90 1410 232 1465 aiunt,
259 1411 306 1457 id
340 1416 426 1466 est,
452 1411 730 1456 adversante
766 1416 813 1455 et
848 1414 1144 1472 repugnante
1178 1414 1360 1456 natura.
1432 1407 1631 1454 Omnino
1667 1408 1705 1468 si
1730 1412 1754 1453 4

90 1485 342 1548 quicquam
366 1492 437 1532 est
463 1485 700 1539 decorum,
723 1484 836 1531 nihil
861 1491 934 1530 est
961 1484 1174 1547 profecto
1192 1483 1359 1547 magis,
1377 1499 1518 1546 quam
1543 1499 1703 1546 aequa-

92 1561 245 1607 bilitas
271 1561 500 1608 universae
527 1561 654 1615 vitae,
680 1566 781 1606 tum
809 1560 1100 1624 singularum
1125 1558 1391 1614 actionum;
1428 1574 1571 1621 quam
1596 1574 1702 1605 con-

92 1652 276 1682 servare
301 1653 396 1682 non
419 1636 584 1699 possiS‚
612 1635 649 1682 si
673 1635 868 1681 aliorum
893 1642 1108 1681 naturam
1132 1634 1316 1680 imitans
1342 1634 1530 1680 omittas
1556 1639 1700 1680 tuam.

93 1709 160 1757 Ut
198 1711 320 1757 enim
357 1727 570 1757 sermone
606 1727 662 1757 eo
699 1711 926 1757 debemus
962 1710 1044 1764 uti,
1071 1709 1151 1772 qui
1185 1715 1324 1755 natus
1360 1715 1432 1756 est
1455 1709 1602 1763 nobiS‚
1629 1725 1701 1763 ne,
1731 1717 1757 1756 5

94 1793 146 1832 ut
170 1786 377 1849 quidam,
408 1787 576 1833 Graeca
599 1786 745 1832 verba
769 1786 1057 1832 inculcantes
1089 1785 1196 1848 jure
1232 1785 1410 1847 optimo
1434 1784 1671 1830 rideamur
1692 1800 1701 1830 :

92 1861 226 1908 sicin
250 1862 456 1908 actiones
491 1877 772 1924 omnemque
797 1861 941 1907 vitam
977 1860 1156 1906 nullam
1193 1859 1556 1922 discrepantiam
1596 1875 1703 1906 eon-

92 1937 212 1983 ferre
232 1937 475 1984 debemus.
529 1937 694 1999 Atque
712 1937 819 1982 haec
840 1935 1100 1981 differentia
1118 1940 1392 1980 naturarum
1416 1940 1598 1980 tantam
1622 1936 1701 1980 ha-
1731 1940 1757 1981 6

93 2012 174 2058 bet
197 2012 305 2066 vim,
332 2017 385 2057 ut
408 2026 743 2073 nonnunquam
780 2016 981 2056 mortem
1020 2009 1106 2056 sibi
1140 2009 1240 2072 ipse
1277 2008 1563 2055 consciscere
1587 2009 1704 2055 alius

94 2085 280 2141 debeat,
308 2086 426 2132 alius
450 2086 495 2131 in
521 2085 686 2132 eadem
723 2101 865 2131 causa
899 2101 992 2131 non
1031 2084 1218 2131 debeat.
1288 2084 1419 2130 Num
1459 2083 1582 2130 enim
1615 2084 1705 2130 alia
1732 2085 1756 2131 7

94 2161 138 2206 in
175 2176 315 2208 causa
349 2161 413 2206 M.
452 2161 571 2207 Cato
605 2160 707 2215 fuit,
744 2160 833 2205 alia
869 2159 1025 2214 ceteri,
1051 2159 1130 2222 qui
1166 2176 1215 2205 se
1250 2159 1296 2205 in
1331 2159 1496 2205 Africa
1530 2160 1704 2206 Caesari

96 2236 424 2282 tradiderunt?
494 2235 646 2298 Atqui
682 2235 848 2281 ceteris
885 2234 1079 2280 forsitan
1103 2234 1213 2280 vitio
1239 2234 1405 2280 datum
1431 2240 1568 2290 esset,
1595 2235 1632 2281 si
1656 2251 1703 2281 sc

96 2311 446 2366 interemissent,
489 2317 741 2373 propterea
782 2309 910 2372 quod
953 2310 1100 2356 lenior
1140 2326 1302 2356 eorum
1338 2309 1434 2355 vita
1470 2316 1517 2356 et
1551 2326 1705 2356 mores

96 2387 278 2433 fuerant
301 2386 530 2432 faciliores
550 2401 560 2431 1
599 2385 768 2431 Catoni
794 2402 902 2431 cum
932 2385 1250 2431 incredibilem
1274 2385 1514 2431 tribuisset
1537 2392 1705 2431 natura

97 2463 390 2526 gravitatem,
434 2476 632 2523 eamque
667 2460 767 2524 ipse
809 2467 1041 2523 perpetua
1079 2459 1340 2506 constantia
1377 2460 1703 2514 roboravisset,

96 2552 376 2600 semperque
415 2536 462 2583 in
500 2536 742 2599 proposito
777 2541 1092 2599 susceptoque
1129 2535 1316 2581 consilio
1354 2535 1701 2597 permansisset,

96 2612 387 2658 moriendum
428 2611 599 2674 potius,
641 2627 783 2673 quam
829 2611 1013 2674 tyranni
1051 2610 1217 2657 vultus·
1259 2610 1555 2673 aspiciendus
1601 2610 1703 2658 fuit.

99 2687 253 2742 Quam
289 2686 440 2732 multa
477 2702 645 2748 passus
678 2692 750 2732 est
775 2686 936 2732 Ulixes
961 2686 1008 2732 in
1039 2685 1118 2732 illo
1143 2701 1298 2731 errore
1334 2685 1569 2741 diuturno,
1597 2703 1704 2732 cum
1733 2694 1758 2733 Β

98 2766 146 2807 et
168 2760 437 2807 mulieribus
459 2759 516 2824 (si
541 2761 673 2807 Circe
699 2766 745 2807 et
772 2761 980 2824 Calypso
1005 2761 1220 2807 mulieres
1246 2760 1546 2823 appellandae
1573 2765 1704 2823 sunt)

100 2836 351 2890 inserviret,
379 2841 426 2882 et
449 2836 495 2881 in
519 2836 643 2881 omni
679 2852 892 2882 sermone
930 2836 1148 2882 omnibus
1185 2835 1421 2882 affabilem
1457 2841 1506 2881 et
1538 2835 1705 2898 jucun-

99 2910 214 2956 dum
237 2927 287 2957 se
312 2926 414 2957 esse
437 2910 618 2957 vellet?
672 2911 814 2956 Domi
836 2927 947 2957 vero
972 2911 1112 2957 etiam
1136 2911 1440 2957 contumelias
1465 2925 1705 2956 servorum

101 2986 466 3048 ancillarumque
502 2985 709 3047 pertulit,
735 2991 790 3031 ut
824 2985 884 3030 ad
919 2985 966 3031 id
1002 2985 1266 3048 aliquando,
1305 2984 1433 3047 quod
1472 2984 1705 3046 cupiebat.

104 3060 290 3108 veniret.
351 3061 422 3107 At
445 3059 586 3124 Ajax,
612 3076 706 3123 quo
731 3060 884 3106 animo
909 3060 1123 3114 traditur,
1142 3060 1306 3105 millies
1333 3064 1559 3121 oppetere
1584 3074 1692 3105 mor·
