<?xml version="1.0" encoding="UTF-8"?>
<!DOCTYPE html PUBLIC "-//W3C//DTD XHTML 1.0 Transitional//EN"
    "http://www.w3.org/TR/xhtml1/DTD/xhtml1-transitional.dtd">
<html xmlns="http://www.w3.org/1999/xhtml" xml:lang="en" lang="en">
 <head>
  <title>
</title>
<meta http-equiv="Content-Type" content="text/html;charset=utf-8" />
  <meta name='ocr-system' content='tesseract 3.04.00' />
  <meta name='ocr-capabilities' content='ocr_page ocr_carea ocr_par ocr_line ocrx_word'/>
</head>
<body>
  <div class='ocr_page' id='page_1' title='image "./mtulliiciceronis1850cice_0029.png"; bbox 0 0 2054 3470; ppageno 0'>
   <div class='ocr_carea' id='block_1_1' title="bbox 734 229 1806 276">
    <p class='ocr_par' dir='ltr' id='par_1_1' title="bbox 734 229 1806 276">
     <span class='ocr_line' id='line_1_1' title="bbox 734 229 1806 276; baseline 0.003 -4"><span class='ocrx_word' id='word_1_1' title='bbox 734 243 875 272; x_wconf 74' lang='lat' dir='ltr'>mnnn</span> <span class='ocrx_word' id='word_1_2' title='bbox 901 242 931 273; x_wconf 93' lang='lat'>1.</span> <span class='ocrx_word' id='word_1_3' title='bbox 1003 243 1110 273; x_wconf 75' lang='lat' dir='ltr'>CAP.</span> <span class='ocrx_word' id='word_1_4' title='bbox 1139 242 1199 272; x_wconf 84' lang='lat' dir='ltr'>x1.</span> <span class='ocrx_word' id='word_1_5' title='bbox 1756 229 1806 276; x_wconf 78' lang='lat'>17</span> 
     </span>
    </p>
   </div>
   <div class='ocr_carea' id='block_1_2' title="bbox 105 350 1807 2515">
    <p class='ocr_par' dir='ltr' id='par_1_2' title="bbox 106 350 1776 1239">
     <span class='ocr_line' id='line_1_2' title="bbox 117 350 1724 413; baseline 0 -16"><span class='ocrx_word' id='word_1_6' title='bbox 117 351 302 398; x_wconf 72' lang='lat' dir='ltr'>interitu</span> <span class='ocrx_word' id='word_1_7' title='bbox 337 351 484 396; x_wconf 88' lang='lat' dir='ltr'>iratus</span> <span class='ocrx_word' id='word_1_8' title='bbox 522 350 732 413; x_wconf 82' lang='lat' dir='ltr'>optavit;</span> <span class='ocrx_word' id='word_1_9' title='bbox 780 367 874 413; x_wconf 88' lang='lat' dir='ltr'>quo</span> <span class='ocrx_word' id='word_1_10' title='bbox 909 350 1178 413; x_wconf 87' lang='lat' dir='ltr'>impetrato,</span> <span class='ocrx_word' id='word_1_11' title='bbox 1221 366 1266 396; x_wconf 82' lang='lat' dir='ltr'>ln</span> <span class='ocrx_word' id='word_1_12' title='bbox 1300 351 1529 397; x_wconf 79' lang='lat' dir='ltr'>maximos</span> <span class='ocrx_word' id='word_1_13' title='bbox 1567 351 1724 398; x_wconf 84' lang='lat' dir='ltr'>luctus</span> 
     </span>
     <span class='ocr_line' id='line_1_3' title="bbox 116 424 1775 489; baseline 0 -17"><span class='ocrx_word' id='word_1_14' title='bbox 116 425 286 473; x_wconf 83' lang='lat' dir='ltr'>incidit.</span> <span class='ocrx_word' id='word_1_15' title='bbox 357 426 460 472; x_wconf 86' lang='lat' dir='ltr'>Nee</span> <span class='ocrx_word' id='word_1_16' title='bbox 499 425 731 488; x_wconf 89' lang='lat' dir='ltr'>promissa</span> <span class='ocrx_word' id='word_1_17' title='bbox 765 425 909 489; x_wconf 81' lang='lat' dir='ltr'>igitur</span> <span class='ocrx_word' id='word_1_18' title='bbox 955 424 1186 471; x_wconf 77' lang='lat' dir='ltr'>servanda</span> <span class='ocrx_word' id='word_1_19' title='bbox 1222 430 1331 471; x_wconf 90' lang='lat' dir='ltr'>sunt</span> <span class='ocrx_word' id='word_1_20' title='bbox 1366 441 1436 480; x_wconf 91' lang='lat' dir='ltr'>ea,</span> <span class='ocrx_word' id='word_1_21' title='bbox 1478 442 1585 488; x_wconf 75' lang='lat' dir='ltr'>quae</span> <span class='ocrx_word' id='word_1_22' title='bbox 1634 426 1724 472; x_wconf 85' lang='lat' dir='ltr'>sint</span> <span class='ocrx_word' id='word_1_23' title='bbox 1751 433 1775 472; x_wconf 89' lang='lat'>5</span> 
     </span>
     <span class='ocr_line' id='line_1_4' title="bbox 114 499 1723 563; baseline 0 -17"><span class='ocrx_word' id='word_1_24' title='bbox 114 500 180 554; x_wconf 89' lang='lat' dir='ltr'>iis,</span> <span class='ocrx_word' id='word_1_25' title='bbox 205 500 377 563; x_wconf 86' lang='lat' dir='ltr'>quibus</span> <span class='ocrx_word' id='word_1_26' title='bbox 419 500 699 563; x_wconf 79' lang='lat' dir='ltr'>promiseris,</span> <span class='ocrx_word' id='word_1_27' title='bbox 726 500 932 547; x_wconf 85' lang='lat' dir='ltr'>inutilia:</span> <span class='ocrx_word' id='word_1_28' title='bbox 970 515 1057 546; x_wconf 88' lang='lat' dir='ltr'>nee</span> <span class='ocrx_word' id='word_1_29' title='bbox 1099 499 1137 546; x_wconf 88' lang='lat' dir='ltr'>si</span> <span class='ocrx_word' id='word_1_30' title='bbox 1172 499 1280 563; x_wconf 91' lang='lat' dir='ltr'>plus</span> <span class='ocrx_word' id='word_1_31' title='bbox 1314 500 1398 546; x_wconf 87' lang='lat' dir='ltr'>tibi</span> <span class='ocrx_word' id='word_1_32' title='bbox 1434 516 1489 546; x_wconf 89' lang='lat' dir='ltr'>ea</span> <span class='ocrx_word' id='word_1_33' title='bbox 1512 507 1723 556; x_wconf 78' lang='lat' dir='ltr'>noceant,</span> 
     </span>
     <span class='ocr_line' id='line_1_5' title="bbox 112 574 1724 639; baseline 0.001 -19"><span class='ocrx_word' id='word_1_34' title='bbox 112 591 255 638; x_wconf 82' lang='lat' dir='ltr'>quam</span> <span class='ocrx_word' id='word_1_35' title='bbox 278 575 342 620; x_wconf 91' lang='lat' dir='ltr'>illi</span> <span class='ocrx_word' id='word_1_36' title='bbox 377 575 568 638; x_wconf 80' lang='lat' dir='ltr'>prosint,</span> <span class='ocrx_word' id='word_1_37' title='bbox 597 575 671 622; x_wconf 87' lang='lat' dir='ltr'>eui</span> <span class='ocrx_word' id='word_1_38' title='bbox 706 574 990 638; x_wconf 82' lang='lat' dir='ltr'>promiseris,</span> <span class='ocrx_word' id='word_1_39' title='bbox 1017 580 1181 621; x_wconf 80' lang='lat' dir='ltr'>eontra</span> <span class='ocrx_word' id='word_1_40' title='bbox 1216 575 1421 621; x_wconf 80' lang='lat' dir='ltr'>officium</span> <span class='ocrx_word' id='word_1_41' title='bbox 1457 581 1542 630; x_wconf 90' lang='lat' dir='ltr'>est,</span> <span class='ocrx_word' id='word_1_42' title='bbox 1569 576 1724 639; x_wconf 86' lang='lat' dir='ltr'>majus</span> 
     </span>
     <span class='ocr_line' id='line_1_6' title="bbox 112 649 1776 713; baseline 0.001 -18"><span class='ocrx_word' id='word_1_43' title='bbox 112 650 338 713; x_wconf 73' lang='lat' dir='ltr'>anteponi</span> <span class='ocrx_word' id='word_1_44' title='bbox 362 650 538 697; x_wconf 88' lang='lat' dir='ltr'>minori.</span> <span class='ocrx_word' id='word_1_45' title='bbox 610 650 693 705; x_wconf 92' lang='lat' dir='ltr'>Ut,</span> <span class='ocrx_word' id='word_1_46' title='bbox 721 650 759 696; x_wconf 86' lang='lat' dir='ltr'>si</span> <span class='ocrx_word' id='word_1_47' title='bbox 783 649 1079 696; x_wconf 83' lang='lat' dir='ltr'>constitueris</span> <span class='ocrx_word' id='word_1_48' title='bbox 1115 649 1320 713; x_wconf 88' lang='lat' dir='ltr'>cuipiam</span> <span class='ocrx_word' id='word_1_49' title='bbox 1353 656 1402 697; x_wconf 91' lang='lat' dir='ltr'>te</span> <span class='ocrx_word' id='word_1_50' title='bbox 1438 650 1722 697; x_wconf 83' lang='lat' dir='ltr'>advocatum</span> <span class='ocrx_word' id='word_1_51' title='bbox 1750 655 1776 697; x_wconf 89' lang='grc'>6</span> 
     </span>
     <span class='ocr_line' id='line_1_7' title="bbox 110 724 1723 790; baseline 0.001 -19"><span class='ocrx_word' id='word_1_52' title='bbox 110 724 156 772; x_wconf 91' lang='lat' dir='ltr'>in</span> <span class='ocrx_word' id='word_1_53' title='bbox 192 741 291 771; x_wconf 88' lang='lat' dir='ltr'>rem</span> <span class='ocrx_word' id='word_1_54' title='bbox 328 731 610 789; x_wconf 75' lang='lat' dir='ltr'>praesentem</span> <span class='ocrx_word' id='word_1_55' title='bbox 651 741 753 771; x_wconf 91' lang='lat' dir='ltr'>esse</span> <span class='ocrx_word' id='word_1_56' title='bbox 795 731 1065 780; x_wconf 81' lang='lat' dir='ltr'>venturum,</span> <span class='ocrx_word' id='word_1_57' title='bbox 1105 731 1249 787; x_wconf 90' lang='lat' dir='ltr'>atque</span> <span class='ocrx_word' id='word_1_58' title='bbox 1290 724 1476 771; x_wconf 89' lang='lat' dir='ltr'>interim</span> <span class='ocrx_word' id='word_1_59' title='bbox 1517 726 1723 790; x_wconf 87' lang='lat' dir='ltr'>graviter</span> 
     </span>
     <span class='ocr_line' id='line_1_8' title="bbox 114 800 1720 864; baseline 0.001 -19"><span class='ocrx_word' id='word_1_60' title='bbox 114 806 338 864; x_wconf 62' lang='lat' dir='ltr'>aegrotare</span> <span class='ocrx_word' id='word_1_61' title='bbox 378 800 498 846; x_wconf 89' lang='lat' dir='ltr'>filius</span> <span class='ocrx_word' id='word_1_62' title='bbox 534 800 745 863; x_wconf 87' lang='lat' dir='ltr'>eoeperit,</span> <span class='ocrx_word' id='word_1_63' title='bbox 772 805 865 846; x_wconf 86' lang='lat' dir='ltr'>non</span> <span class='ocrx_word' id='word_1_64' title='bbox 902 800 964 846; x_wconf 86' lang='lat' dir='ltr'>sit</span> <span class='ocrx_word' id='word_1_65' title='bbox 1000 805 1163 846; x_wconf 88' lang='lat' dir='ltr'>eontra</span> <span class='ocrx_word' id='word_1_66' title='bbox 1186 800 1407 859; x_wconf 80' lang='lat' dir='ltr'>officium,</span> <span class='ocrx_word' id='word_1_67' title='bbox 1433 816 1527 846; x_wconf 90' lang='lat' dir='ltr'>non</span> <span class='ocrx_word' id='word_1_68' title='bbox 1551 801 1720 854; x_wconf 83' lang='lat' dir='ltr'>faeere,</span> 
     </span>
     <span class='ocr_line' id='line_1_9' title="bbox 108 874 1724 938; baseline 0 -17"><span class='ocrx_word' id='word_1_69' title='bbox 108 875 237 938; x_wconf 90' lang='lat' dir='ltr'>quod</span> <span class='ocrx_word' id='word_1_70' title='bbox 273 875 470 930; x_wconf 83' lang='lat' dir='ltr'>dixeris;</span> <span class='ocrx_word' id='word_1_71' title='bbox 506 876 753 938; x_wconf 81' lang='lat' dir='ltr'>magisque</span> <span class='ocrx_word' id='word_1_72' title='bbox 787 875 878 929; x_wconf 88' lang='lat' dir='ltr'>ille,</span> <span class='ocrx_word' id='word_1_73' title='bbox 916 874 992 921; x_wconf 90' lang='lat' dir='ltr'>eui</span> <span class='ocrx_word' id='word_1_74' title='bbox 1030 875 1314 938; x_wconf 89' lang='lat' dir='ltr'>promissum</span> <span class='ocrx_word' id='word_1_75' title='bbox 1356 875 1430 930; x_wconf 93' lang='lat' dir='ltr'>sit,</span> <span class='ocrx_word' id='word_1_76' title='bbox 1468 875 1529 922; x_wconf 89' lang='lat' dir='ltr'>ab</span> <span class='ocrx_word' id='word_1_77' title='bbox 1572 875 1724 922; x_wconf 84' lang='lat' dir='ltr'>officio</span> 
     </span>
     <span class='ocr_line' id='line_1_10' title="bbox 107 950 1772 1013; baseline -0.001 -16"><span class='ocrx_word' id='word_1_78' title='bbox 107 950 334 1005; x_wconf 86' lang='lat' dir='ltr'>discedat,</span> <span class='ocrx_word' id='word_1_79' title='bbox 377 951 415 996; x_wconf 91' lang='lat' dir='ltr'>si</span> <span class='ocrx_word' id='word_1_80' title='bbox 456 967 506 996; x_wconf 90' lang='lat' dir='ltr'>se</span> <span class='ocrx_word' id='word_1_81' title='bbox 548 950 829 997; x_wconf 85' lang='lat' dir='ltr'>destitutum</span> <span class='ocrx_word' id='word_1_82' title='bbox 875 956 1116 1013; x_wconf 75' lang='lat' dir='ltr'>queratur.</span> <span class='ocrx_word' id='word_1_83' title='bbox 1185 950 1297 998; x_wconf 85' lang='lat' dir='ltr'>Jam</span> <span class='ocrx_word' id='word_1_84' title='bbox 1342 950 1432 996; x_wconf 89' lang='lat' dir='ltr'>illis</span> <span class='ocrx_word' id='word_1_85' title='bbox 1481 950 1720 1013; x_wconf 77' lang='lat' dir='ltr'>promissis</span> <span class='ocrx_word' id='word_1_86' title='bbox 1748 950 1772 997; x_wconf 83' lang='grc'><strong>7</strong></span> 
     </span>
     <span class='ocr_line' id='line_1_11' title="bbox 109 1025 1719 1088; baseline 0.001 -18"><span class='ocrx_word' id='word_1_87' title='bbox 109 1025 332 1072; x_wconf 88' lang='lat' dir='ltr'>standum</span> <span class='ocrx_word' id='word_1_88' title='bbox 366 1042 461 1072; x_wconf 90' lang='lat' dir='ltr'>non</span> <span class='ocrx_word' id='word_1_89' title='bbox 495 1041 611 1080; x_wconf 90' lang='lat' dir='ltr'>esse,</span> <span class='ocrx_word' id='word_1_90' title='bbox 639 1025 742 1088; x_wconf 89' lang='lat' dir='ltr'>quis</span> <span class='ocrx_word' id='word_1_91' title='bbox 780 1042 873 1072; x_wconf 89' lang='lat' dir='ltr'>non</span> <span class='ocrx_word' id='word_1_92' title='bbox 905 1026 1046 1080; x_wconf 85' lang='lat' dir='ltr'>videt,</span> <span class='ocrx_word' id='word_1_93' title='bbox 1073 1042 1180 1088; x_wconf 82' lang='lat' dir='ltr'>quae</span> <span class='ocrx_word' id='word_1_94' title='bbox 1216 1032 1409 1072; x_wconf 84' lang='lat' dir='ltr'>coaetus</span> <span class='ocrx_word' id='word_1_95' title='bbox 1445 1026 1547 1088; x_wconf 90' lang='lat' dir='ltr'>quis</span> <span class='ocrx_word' id='word_1_96' title='bbox 1573 1032 1719 1080; x_wconf 90' lang='lat' dir='ltr'>metu,</span> 
     </span>
     <span class='ocr_line' id='line_1_12' title="bbox 108 1100 1720 1164; baseline 0.001 -18"><span class='ocrx_word' id='word_1_97' title='bbox 108 1116 213 1162; x_wconf 85' lang='lat' dir='ltr'>quae</span> <span class='ocrx_word' id='word_1_98' title='bbox 266 1100 493 1162; x_wconf 86' lang='lat' dir='ltr'>deeeptus</span> <span class='ocrx_word' id='word_1_99' title='bbox 540 1100 649 1146; x_wconf 93' lang='lat' dir='ltr'>dolo</span> <span class='ocrx_word' id='word_1_100' title='bbox 696 1100 996 1163; x_wconf 75' lang='lat' dir='ltr'>promiserit?</span> <span class='ocrx_word' id='word_1_101' title='bbox 1090 1102 1208 1157; x_wconf 66' lang='lat' dir='ltr'>Qua}</span> <span class='ocrx_word' id='word_1_102' title='bbox 1255 1101 1448 1164; x_wconf 87' lang='lat' dir='ltr'>quidem</span> <span class='ocrx_word' id='word_1_103' title='bbox 1495 1101 1720 1164; x_wconf 88' lang='lat' dir='ltr'>pleraque</span> 
     </span>
     <span class='ocr_line' id='line_1_13' title="bbox 106 1175 1222 1239; baseline 0.003 -19"><span class='ocrx_word' id='word_1_104' title='bbox 106 1175 208 1239; x_wconf 88' lang='lat' dir='ltr'>jure</span> <span class='ocrx_word' id='word_1_105' title='bbox 233 1175 451 1238; x_wconf 77' lang='lat' dir='ltr'>praeton‘o</span> <span class='ocrx_word' id='word_1_106' title='bbox 475 1175 743 1230; x_wconf 72' lang='lat' dir='ltr'>liberantur,</span> <span class='ocrx_word' id='word_1_107' title='bbox 770 1176 994 1222; x_wconf 89' lang='lat' dir='ltr'>nonnulla</span> <span class='ocrx_word' id='word_1_108' title='bbox 1018 1176 1222 1239; x_wconf 78' lang='lat' dir='ltr'>legibus.</span> 
     </span>
    </p>

    <p class='ocr_par' dir='ltr' id='par_1_3' title="bbox 105 1250 1807 2515">
     <span class='ocr_line' id='line_1_14' title="bbox 172 1250 1773 1314; baseline 0.001 -18"><span class='ocrx_word' id='word_1_109' title='bbox 172 1250 392 1296; x_wconf 76' lang='lat' dir='ltr'>Existunt</span> <span class='ocrx_word' id='word_1_110' title='bbox 426 1250 568 1296; x_wconf 87' lang='lat' dir='ltr'>etiam</span> <span class='ocrx_word' id='word_1_111' title='bbox 606 1266 736 1313; x_wconf 86' lang='lat' dir='ltr'>saepe</span> <span class='ocrx_word' id='word_1_112' title='bbox 771 1250 950 1313; x_wconf 74' lang='lat' dir='ltr'>injuriae</span> <span class='ocrx_word' id='word_1_113' title='bbox 989 1251 1223 1297; x_wconf 82' lang='lat' dir='ltr'>calumnia</span> <span class='ocrx_word' id='word_1_114' title='bbox 1257 1251 1465 1314; x_wconf 82' lang='lat' dir='ltr'>quadam</span> <span class='ocrx_word' id='word_1_115' title='bbox 1501 1257 1548 1298; x_wconf 89' lang='lat' dir='ltr'>et</span> <span class='ocrx_word' id='word_1_116' title='bbox 1584 1250 1717 1297; x_wconf 89' lang='lat' dir='ltr'>nimis</span> <span class='ocrx_word' id='word_1_117' title='bbox 1747 1256 1773 1298; x_wconf 85' lang='grc'>8</span> 
     </span>
     <span class='ocr_line' id='line_1_15' title="bbox 108 1324 1714 1389; baseline 0.001 -18"><span class='ocrx_word' id='word_1_118' title='bbox 108 1324 277 1372; x_wconf 88' lang='lat' dir='ltr'>callida</span> <span class='ocrx_word' id='word_1_119' title='bbox 311 1324 396 1371; x_wconf 86' lang='lat' dir='ltr'>sed</span> <span class='ocrx_word' id='word_1_120' title='bbox 430 1325 663 1371; x_wconf 87' lang='lat' dir='ltr'>malitiosa</span> <span class='ocrx_word' id='word_1_121' title='bbox 707 1325 827 1388; x_wconf 86' lang='lat' dir='ltr'>juris</span> <span class='ocrx_word' id='word_1_122' title='bbox 877 1325 1276 1388; x_wconf 85' lang='lat' dir='ltr'>interpretatione.</span> <span class='ocrx_word' id='word_1_123' title='bbox 1346 1326 1420 1372; x_wconf 86' lang='lat' dir='ltr'>Ex</span> <span class='ocrx_word' id='word_1_124' title='bbox 1455 1343 1548 1389; x_wconf 90' lang='lat' dir='ltr'>quo</span> <span class='ocrx_word' id='word_1_125' title='bbox 1584 1326 1714 1380; x_wconf 92' lang='lat' dir='ltr'>illud,</span> 
     </span>
     <span class='ocr_line' id='line_1_16' title="bbox 106 1400 1721 1464; baseline 0.002 -19"><span class='ocrx_word' id='word_1_126' title='bbox 106 1416 341 1446; x_wconf 69' lang='lat' dir='ltr'>summum</span> <span class='ocrx_word' id='word_1_127' title='bbox 353 1400 452 1461; x_wconf 72' lang='lat' dir='ltr'>juS,</span> <span class='ocrx_word' id='word_1_128' title='bbox 477 1417 661 1446; x_wconf 77' lang='lat' dir='ltr'>summa</span> <span class='ocrx_word' id='word_1_129' title='bbox 684 1401 876 1461; x_wconf 67' lang='lat' dir='ltr'>injuria,</span> <span class='ocrx_word' id='word_1_130' title='bbox 902 1401 1083 1447; x_wconf 82' lang='lat' dir='ltr'>factum</span> <span class='ocrx_word' id='word_1_131' title='bbox 1108 1406 1180 1447; x_wconf 87' lang='lat' dir='ltr'>est</span> <span class='ocrx_word' id='word_1_132' title='bbox 1200 1400 1300 1464; x_wconf 68' lang='lat' dir='ltr'>jam</span> <span class='ocrx_word' id='word_1_133' title='bbox 1326 1401 1489 1448; x_wconf 88' lang='lat' dir='ltr'>tritum</span> <span class='ocrx_word' id='word_1_134' title='bbox 1509 1417 1721 1448; x_wconf 87' lang='lat' dir='ltr'>sermone</span> 
     </span>
     <span class='ocr_line' id='line_1_17' title="bbox 108 1475 1766 1540; baseline 0.001 -19"><span class='ocrx_word' id='word_1_135' title='bbox 108 1475 422 1539; x_wconf 84' lang='lat' dir='ltr'>proverbium.</span> <span class='ocrx_word' id='word_1_136' title='bbox 495 1476 601 1532; x_wconf 80' lang='lat' dir='ltr'>Quo</span> <span class='ocrx_word' id='word_1_137' title='bbox 635 1475 681 1522; x_wconf 93' lang='lat' dir='ltr'>in</span> <span class='ocrx_word' id='word_1_138' title='bbox 706 1492 877 1540; x_wconf 82' lang='lat' dir='ltr'>genere</span> <span class='ocrx_word' id='word_1_139' title='bbox 903 1476 1041 1522; x_wconf 88' lang='lat' dir='ltr'>etiam</span> <span class='ocrx_word' id='word_1_140' title='bbox 1065 1475 1110 1522; x_wconf 89' lang='lat' dir='ltr'>in</span> <span class='ocrx_word' id='word_1_141' title='bbox 1139 1492 1189 1522; x_wconf 91' lang='lat' dir='ltr'>re</span> <span class='ocrx_word' id='word_1_142' title='bbox 1215 1476 1404 1539; x_wconf 88' lang='lat' dir='ltr'>publiea</span> <span class='ocrx_word' id='word_1_143' title='bbox 1428 1476 1579 1523; x_wconf 89' lang='lat' dir='ltr'>multa</span> <span class='ocrx_word' id='word_1_144' title='bbox 1604 1492 1710 1540; x_wconf 86' lang='lat' dir='ltr'>pee-</span> <span class='ocrx_word' id='word_1_145' title='bbox 1740 1482 1766 1523; x_wconf 84' lang='lat'>9</span> 
     </span>
     <span class='ocr_line' id='line_1_18' title="bbox 107 1550 1718 1613; baseline 0.001 -16"><span class='ocrx_word' id='word_1_146' title='bbox 107 1556 295 1597; x_wconf 85' lang='lat' dir='ltr'>eantur:</span> <span class='ocrx_word' id='word_1_147' title='bbox 332 1556 386 1597; x_wconf 91' lang='lat' dir='ltr'>ut</span> <span class='ocrx_word' id='word_1_148' title='bbox 421 1550 513 1607; x_wconf 91' lang='lat' dir='ltr'>ille,</span> <span class='ocrx_word' id='word_1_149' title='bbox 539 1550 632 1613; x_wconf 85' lang='lat' dir='ltr'>qui,</span> <span class='ocrx_word' id='word_1_150' title='bbox 659 1567 768 1597; x_wconf 90' lang='lat' dir='ltr'>eum</span> <span class='ocrx_word' id='word_1_151' title='bbox 808 1551 999 1613; x_wconf 85' lang='lat' dir='ltr'>triginta</span> <span class='ocrx_word' id='word_1_152' title='bbox 1031 1551 1214 1597; x_wconf 90' lang='lat' dir='ltr'>dierum</span> <span class='ocrx_word' id='word_1_153' title='bbox 1246 1557 1402 1598; x_wconf 84' lang='lat' dir='ltr'>essent</span> <span class='ocrx_word' id='word_1_154' title='bbox 1437 1568 1545 1598; x_wconf 88' lang='lat' dir='ltr'>cum</span> <span class='ocrx_word' id='word_1_155' title='bbox 1580 1552 1718 1598; x_wconf 91' lang='lat' dir='ltr'>hoste</span> 
     </span>
     <span class='ocr_line' id='line_1_19' title="bbox 105 1626 1720 1690; baseline 0.001 -19"><span class='ocrx_word' id='word_1_156' title='bbox 105 1626 298 1673; x_wconf 74' lang='lat' dir='ltr'>indutiae</span> <span class='ocrx_word' id='word_1_157' title='bbox 325 1626 483 1681; x_wconf 75' lang='lat' dir='ltr'>factae,</span> <span class='ocrx_word' id='word_1_158' title='bbox 502 1633 647 1673; x_wconf 90' lang='lat' dir='ltr'>noetu</span> <span class='ocrx_word' id='word_1_159' title='bbox 672 1626 992 1689; x_wconf 75' lang='lat' dir='ltr'>populabatur</span> <span class='ocrx_word' id='word_1_160' title='bbox 1027 1642 1180 1690; x_wconf 88' lang='lat' dir='ltr'>agros,</span> <span class='ocrx_word' id='word_1_161' title='bbox 1201 1627 1329 1690; x_wconf 87' lang='lat' dir='ltr'>quod</span> <span class='ocrx_word' id='word_1_162' title='bbox 1355 1627 1537 1673; x_wconf 90' lang='lat' dir='ltr'>dierum</span> <span class='ocrx_word' id='word_1_163' title='bbox 1561 1633 1720 1673; x_wconf 88' lang='lat' dir='ltr'>essent</span> 
     </span>
     <span class='ocr_line' id='line_1_20' title="bbox 106 1701 1807 1765; baseline 0.002 -19"><span class='ocrx_word' id='word_1_164' title='bbox 106 1707 277 1764; x_wconf 78' lang='lat' dir='ltr'>pactae,</span> <span class='ocrx_word' id='word_1_165' title='bbox 303 1718 397 1748; x_wconf 90' lang='lat' dir='ltr'>non</span> <span class='ocrx_word' id='word_1_166' title='bbox 421 1701 628 1747; x_wconf 85' lang='lat' dir='ltr'>noctium</span> <span class='ocrx_word' id='word_1_167' title='bbox 653 1701 864 1749; x_wconf 67' lang='lat' dir='ltr'>indutiae.</span> <span class='ocrx_word' id='word_1_168' title='bbox 925 1701 1001 1748; x_wconf 86' lang='lat' dir='ltr'>Ne</span> <span class='ocrx_word' id='word_1_169' title='bbox 1025 1708 1185 1748; x_wconf 87' lang='lat' dir='ltr'>noster</span> <span class='ocrx_word' id='word_1_170' title='bbox 1208 1702 1399 1765; x_wconf 88' lang='lat' dir='ltr'>quidem</span> <span class='ocrx_word' id='word_1_171' title='bbox 1424 1702 1711 1765; x_wconf 87' lang='lat' dir='ltr'>probandus,</span> <span class='ocrx_word' id='word_1_172' title='bbox 1751 1708 1807 1749; x_wconf 80' lang='lat'>10</span> 
     </span>
     <span class='ocr_line' id='line_1_21' title="bbox 106 1776 1714 1840; baseline 0.001 -18"><span class='ocrx_word' id='word_1_173' title='bbox 106 1776 143 1822; x_wconf 89' lang='lat' dir='ltr'>si</span> <span class='ocrx_word' id='word_1_174' title='bbox 167 1793 330 1823; x_wconf 88' lang='lat' dir='ltr'>verum</span> <span class='ocrx_word' id='word_1_175' title='bbox 366 1782 450 1832; x_wconf 89' lang='lat' dir='ltr'>est,</span> <span class='ocrx_word' id='word_1_176' title='bbox 479 1777 535 1832; x_wconf 82' lang='lat' dir='ltr'>Q.</span> <span class='ocrx_word' id='word_1_177' title='bbox 572 1776 773 1823; x_wconf 88' lang='lat' dir='ltr'>Fabium</span> <span class='ocrx_word' id='word_1_178' title='bbox 808 1777 1077 1823; x_wconf 79' lang='lat' dir='ltr'>Labeonem</span> <span class='ocrx_word' id='word_1_179' title='bbox 1114 1793 1200 1823; x_wconf 91' lang='lat' dir='ltr'>seu</span> <span class='ocrx_word' id='word_1_180' title='bbox 1234 1793 1375 1840; x_wconf 89' lang='lat' dir='ltr'>quem</span> <span class='ocrx_word' id='word_1_181' title='bbox 1411 1778 1554 1824; x_wconf 87' lang='lat' dir='ltr'>alium</span> <span class='ocrx_word' id='word_1_182' title='bbox 1580 1777 1714 1840; x_wconf 88' lang='lat' dir='ltr'>(nihil</span> 
     </span>
     <span class='ocr_line' id='line_1_22' title="bbox 106 1851 1721 1916; baseline 0.001 -19"><span class='ocrx_word' id='word_1_183' title='bbox 106 1851 225 1898; x_wconf 85' lang='lat' dir='ltr'>enim</span> <span class='ocrx_word' id='word_1_184' title='bbox 251 1852 404 1898; x_wconf 86' lang='lat' dir='ltr'>habeo</span> <span class='ocrx_word' id='word_1_185' title='bbox 441 1858 619 1915; x_wconf 77' lang='lat' dir='ltr'>praeter</span> <span class='ocrx_word' id='word_1_186' title='bbox 642 1851 878 1915; x_wconf 85' lang='lat' dir='ltr'>auditum)</span> <span class='ocrx_word' id='word_1_187' title='bbox 906 1852 1133 1899; x_wconf 79' lang='lat' dir='ltr'>arbitrum</span> <span class='ocrx_word' id='word_1_188' title='bbox 1158 1852 1205 1898; x_wconf 89' lang='lat' dir='ltr'>N</span> <span class='ocrx_word' id='word_1_189' title='bbox 1208 1853 1352 1898; x_wconf 88' lang='lat' dir='ltr'>olanis</span> <span class='ocrx_word' id='word_1_190' title='bbox 1377 1858 1425 1899; x_wconf 91' lang='lat' dir='ltr'>et</span> <span class='ocrx_word' id='word_1_191' title='bbox 1449 1853 1496 1898; x_wconf 89' lang='lat' dir='ltr'>N</span> <span class='ocrx_word' id='word_1_192' title='bbox 1499 1853 1721 1916; x_wconf 86' lang='lat' dir='ltr'>eapolita-</span> 
     </span>
     <span class='ocr_line' id='line_1_23' title="bbox 106 1926 1723 1982; baseline 0.001 -10"><span class='ocrx_word' id='word_1_193' title='bbox 106 1927 174 1973; x_wconf 88' lang='lat' dir='ltr'>nis</span> <span class='ocrx_word' id='word_1_194' title='bbox 199 1927 258 1973; x_wconf 90' lang='lat' dir='ltr'>de</span> <span class='ocrx_word' id='word_1_195' title='bbox 294 1926 461 1973; x_wconf 89' lang='lat' dir='ltr'>finibus</span> <span class='ocrx_word' id='word_1_196' title='bbox 487 1943 514 1972; x_wconf 87' lang='lat' dir='ltr'>a</span> <span class='ocrx_word' id='word_1_197' title='bbox 538 1933 706 1973; x_wconf 87' lang='lat' dir='ltr'>senatu</span> <span class='ocrx_word' id='word_1_198' title='bbox 743 1927 924 1981; x_wconf 88' lang='lat' dir='ltr'>datum,</span> <span class='ocrx_word' id='word_1_199' title='bbox 952 1944 1060 1973; x_wconf 88' lang='lat' dir='ltr'>eum</span> <span class='ocrx_word' id='word_1_200' title='bbox 1093 1927 1154 1973; x_wconf 91' lang='lat' dir='ltr'>ad</span> <span class='ocrx_word' id='word_1_201' title='bbox 1179 1927 1337 1973; x_wconf 85' lang='lat' dir='ltr'>locum</span> <span class='ocrx_word' id='word_1_202' title='bbox 1371 1927 1587 1982; x_wconf 84' lang='lat' dir='ltr'>venisset,</span> <span class='ocrx_word' id='word_1_203' title='bbox 1615 1944 1723 1974; x_wconf 87' lang='lat' dir='ltr'>cum</span> 
     </span>
     <span class='ocr_line' id='line_1_24' title="bbox 105 2001 1720 2065; baseline -0.001 -17"><span class='ocrx_word' id='word_1_204' title='bbox 105 2001 314 2064; x_wconf 89' lang='lat' dir='ltr'>utrisque</span> <span class='ocrx_word' id='word_1_205' title='bbox 339 2002 590 2064; x_wconf 86' lang='lat' dir='ltr'>separatim</span> <span class='ocrx_word' id='word_1_206' title='bbox 624 2002 854 2056; x_wconf 83' lang='lat' dir='ltr'>locutum,</span> <span class='ocrx_word' id='word_1_207' title='bbox 879 2018 937 2048; x_wconf 90' lang='lat' dir='ltr'>ne</span> <span class='ocrx_word' id='word_1_208' title='bbox 964 2002 1136 2064; x_wconf 83' lang='lat' dir='ltr'>cupide</span> <span class='ocrx_word' id='word_1_209' title='bbox 1172 2001 1285 2064; x_wconf 89' lang='lat' dir='ltr'>quid</span> <span class='ocrx_word' id='word_1_210' title='bbox 1319 2009 1527 2065; x_wconf 81' lang='lat' dir='ltr'>agerent,</span> <span class='ocrx_word' id='word_1_211' title='bbox 1554 2018 1613 2047; x_wconf 79' lang='lat' dir='ltr'>ne</span> <span class='ocrx_word' id='word_1_212' title='bbox 1638 2018 1720 2065; x_wconf 89' lang='lat' dir='ltr'>ap-</span> 
     </span>
     <span class='ocr_line' id='line_1_25' title="bbox 106 2076 1799 2140; baseline 0.001 -19"><span class='ocrx_word' id='word_1_213' title='bbox 106 2082 347 2139; x_wconf 87' lang='lat' dir='ltr'>petenter;</span> <span class='ocrx_word' id='word_1_214' title='bbox 384 2082 528 2138; x_wconf 85' lang='lat' dir='ltr'>atque</span> <span class='ocrx_word' id='word_1_215' title='bbox 551 2082 606 2122; x_wconf 90' lang='lat' dir='ltr'>ut</span> <span class='ocrx_word' id='word_1_216' title='bbox 630 2077 831 2140; x_wconf 84' lang='lat' dir='ltr'>regredi,</span> <span class='ocrx_word' id='word_1_217' title='bbox 854 2092 997 2139; x_wconf 87' lang='lat' dir='ltr'>quam</span> <span class='ocrx_word' id='word_1_218' title='bbox 1018 2076 1240 2139; x_wconf 81' lang='lat' dir='ltr'>progredi</span> <span class='ocrx_word' id='word_1_219' title='bbox 1260 2077 1467 2124; x_wconf 83' lang='lat' dir='ltr'>mallent.</span> <span class='ocrx_word' id='word_1_220' title='bbox 1528 2076 1587 2123; x_wconf 89' lang='lat' dir='ltr'>Id</span> <span class='ocrx_word' id='word_1_221' title='bbox 1614 2092 1718 2123; x_wconf 81' lang='lat' dir='ltr'>eun]</span> <span class='ocrx_word' id='word_1_222' title='bbox 1749 2080 1799 2123; x_wconf 82' lang='grc'><strong>1]</strong></span> 
     </span>
     <span class='ocr_line' id='line_1_26' title="bbox 106 2151 1716 2215; baseline 0.001 -19"><span class='ocrx_word' id='word_1_223' title='bbox 106 2151 291 2213; x_wconf 89' lang='lat' dir='ltr'>utrique</span> <span class='ocrx_word' id='word_1_224' title='bbox 346 2151 578 2205; x_wconf 80' lang='lat' dir='ltr'>fecissent,</span> <span class='ocrx_word' id='word_1_225' title='bbox 616 2151 911 2214; x_wconf 88' lang='lat' dir='ltr'>aliquantum</span> <span class='ocrx_word' id='word_1_226' title='bbox 957 2151 1058 2215; x_wconf 83' lang='lat' dir='ltr'>agri</span> <span class='ocrx_word' id='word_1_227' title='bbox 1105 2151 1152 2197; x_wconf 90' lang='lat' dir='ltr'>in</span> <span class='ocrx_word' id='word_1_228' title='bbox 1186 2151 1343 2198; x_wconf 88' lang='lat' dir='ltr'>medio</span> <span class='ocrx_word' id='word_1_229' title='bbox 1378 2152 1596 2198; x_wconf 86' lang='lat' dir='ltr'>relietum</span> <span class='ocrx_word' id='word_1_230' title='bbox 1631 2157 1716 2199; x_wconf 89' lang='lat' dir='ltr'>est.</span> 
     </span>
     <span class='ocr_line' id='line_1_27' title="bbox 106 2225 1719 2290; baseline 0 -18"><span class='ocrx_word' id='word_1_231' title='bbox 106 2227 274 2288; x_wconf 88' lang='lat' dir='ltr'>Itaque</span> <span class='ocrx_word' id='word_1_232' title='bbox 308 2225 494 2272; x_wconf 90' lang='lat' dir='ltr'>illorum</span> <span class='ocrx_word' id='word_1_233' title='bbox 545 2226 659 2273; x_wconf 89' lang='lat' dir='ltr'>fines</span> <span class='ocrx_word' id='word_1_234' title='bbox 706 2226 787 2281; x_wconf 87' lang='lat' dir='ltr'>sie,</span> <span class='ocrx_word' id='word_1_235' title='bbox 823 2232 878 2273; x_wconf 93' lang='lat' dir='ltr'>ut</span> <span class='ocrx_word' id='word_1_236' title='bbox 918 2226 1008 2290; x_wconf 91' lang='lat' dir='ltr'>ipsi</span> <span class='ocrx_word' id='word_1_237' title='bbox 1060 2226 1288 2282; x_wconf 81' lang='lat' dir='ltr'>dixerant,</span> <span class='ocrx_word' id='word_1_238' title='bbox 1326 2226 1621 2281; x_wconf 85' lang='lat' dir='ltr'>terminavit;</span> <span class='ocrx_word' id='word_1_239' title='bbox 1674 2227 1719 2273; x_wconf 83' lang='lat' dir='ltr'>in</span> 
     </span>
     <span class='ocr_line' id='line_1_28' title="bbox 107 2301 1718 2365; baseline 0.001 -18"><span class='ocrx_word' id='word_1_240' title='bbox 107 2301 259 2348; x_wconf 90' lang='lat' dir='ltr'>medio</span> <span class='ocrx_word' id='word_1_241' title='bbox 307 2301 523 2348; x_wconf 87' lang='lat' dir='ltr'>relietum</span> <span class='ocrx_word' id='word_1_242' title='bbox 572 2301 702 2364; x_wconf 91' lang='lat' dir='ltr'>quod</span> <span class='ocrx_word' id='word_1_243' title='bbox 752 2308 868 2357; x_wconf 88' lang='lat' dir='ltr'>erat,</span> <span class='ocrx_word' id='word_1_244' title='bbox 912 2302 1092 2365; x_wconf 90' lang='lat' dir='ltr'>populo</span> <span class='ocrx_word' id='word_1_245' title='bbox 1146 2302 1361 2348; x_wconf 87' lang='lat' dir='ltr'>Romano</span> <span class='ocrx_word' id='word_1_246' title='bbox 1414 2301 1718 2365; x_wconf 80' lang='lat' dir='ltr'>adjudicavit.</span> 
     </span>
     <span class='ocr_line' id='line_1_29' title="bbox 107 2376 1721 2440; baseline 0 -18"><span class='ocrx_word' id='word_1_247' title='bbox 107 2376 338 2439; x_wconf 85' lang='lat' dir='ltr'>Decipere</span> <span class='ocrx_word' id='word_1_248' title='bbox 372 2377 462 2423; x_wconf 91' lang='lat' dir='ltr'>hoe</span> <span class='ocrx_word' id='word_1_249' title='bbox 498 2377 689 2439; x_wconf 90' lang='lat' dir='ltr'>quidem</span> <span class='ocrx_word' id='word_1_250' title='bbox 727 2382 811 2432; x_wconf 87' lang='lat' dir='ltr'>est,</span> <span class='ocrx_word' id='word_1_251' title='bbox 838 2393 931 2423; x_wconf 90' lang='lat' dir='ltr'>non</span> <span class='ocrx_word' id='word_1_252' title='bbox 963 2377 1188 2440; x_wconf 77' lang='lat' dir='ltr'>judicare.</span> <span class='ocrx_word' id='word_1_253' title='bbox 1263 2377 1492 2433; x_wconf 81' lang='lat' dir='ltr'>Quoeirea</span> <span class='ocrx_word' id='word_1_254' title='bbox 1526 2376 1571 2423; x_wconf 89' lang='lat' dir='ltr'>in</span> <span class='ocrx_word' id='word_1_255' title='bbox 1598 2377 1721 2423; x_wconf 85' lang='lat' dir='ltr'>omni</span> 
     </span>
     <span class='ocr_line' id='line_1_30' title="bbox 107 2451 876 2515; baseline 0.001 -18"><span class='ocrx_word' id='word_1_256' title='bbox 107 2468 156 2498; x_wconf 89' lang='lat' dir='ltr'>re</span> <span class='ocrx_word' id='word_1_257' title='bbox 180 2451 405 2515; x_wconf 87' lang='lat' dir='ltr'>fugienda</span> <span class='ocrx_word' id='word_1_258' title='bbox 429 2457 502 2498; x_wconf 89' lang='lat' dir='ltr'>est</span> <span class='ocrx_word' id='word_1_259' title='bbox 526 2452 630 2498; x_wconf 86' lang='lat' dir='ltr'>talis</span> <span class='ocrx_word' id='word_1_260' title='bbox 656 2452 876 2499; x_wconf 80' lang='lat' dir='ltr'>sollertia.</span> 
     </span>
    </p>
   </div>
   <div class='ocr_carea' id='block_1_3' title="bbox 109 2601 1771 3118">
    <p class='ocr_par' dir='ltr' id='par_1_4' title="bbox 109 2601 1771 3118">
     <span class='ocr_line' id='line_1_31' title="bbox 173 2601 1723 2666; baseline 0.001 -18"><span class='ocrx_word' id='word_1_261' title='bbox 173 2602 258 2648; x_wconf 89' lang='lat' dir='ltr'>XI.</span> <span class='ocrx_word' id='word_1_262' title='bbox 296 2601 418 2648; x_wconf 82' lang='lat' dir='ltr'>Sunt</span> <span class='ocrx_word' id='word_1_263' title='bbox 452 2608 611 2648; x_wconf 86' lang='lat' dir='ltr'>autem</span> <span class='ocrx_word' id='word_1_264' title='bbox 645 2603 870 2666; x_wconf 84' lang='lat' dir='ltr'>quaedam</span> <span class='ocrx_word' id='word_1_265' title='bbox 899 2604 1048 2650; x_wconf 87' lang='lat' dir='ltr'>offieia</span> <span class='ocrx_word' id='word_1_266' title='bbox 1084 2604 1224 2651; x_wconf 82' lang='lat' dir='ltr'>etiam</span> <span class='ocrx_word' id='word_1_267' title='bbox 1263 2604 1579 2651; x_wconf 84' lang='lat' dir='ltr'>adversus</span> <span class='ocrx_word' id='word_1_268' title='bbox 1616 2620 1723 2650; x_wconf 83' lang='lat' dir='ltr'>eos</span> 
     </span>
     <span class='ocr_line' id='line_1_32' title="bbox 109 2677 1719 2743; baseline 0.001 -19"><span class='ocrx_word' id='word_1_269' title='bbox 109 2677 353 2731; x_wconf 86' lang='lat' dir='ltr'>servanda,</span> <span class='ocrx_word' id='word_1_270' title='bbox 385 2693 413 2723; x_wconf 89' lang='lat' dir='ltr'>a</span> <span class='ocrx_word' id='word_1_271' title='bbox 447 2678 684 2740; x_wconf 90' lang='lat' dir='ltr'>quibus</span> <span class='ocrx_word' id='word_1_272' title='bbox 718 2678 1028 2742; x_wconf 88' lang='lat' dir='ltr'>injuriam</span> <span class='ocrx_word' id='word_1_273' title='bbox 1066 2681 1417 2743; x_wconf 83' lang='lat' dir='ltr'>acceperis.</span> <span class='ocrx_word' id='word_1_274' title='bbox 1487 2680 1572 2726; x_wconf 89' lang='lat' dir='ltr'>Est</span> <span class='ocrx_word' id='word_1_275' title='bbox 1598 2680 1719 2726; x_wconf 83' lang='lat' dir='ltr'>enim</span> 
     </span>
     <span class='ocr_line' id='line_1_33' title="bbox 109 2752 1721 2818; baseline 0.001 -20"><span class='ocrx_word' id='word_1_276' title='bbox 109 2752 364 2798; x_wconf 80' lang='lat' dir='ltr'>ulciscendi</span> <span class='ocrx_word' id='word_1_277' title='bbox 398 2759 445 2798; x_wconf 89' lang='lat' dir='ltr'>et</span> <span class='ocrx_word' id='word_1_278' title='bbox 482 2753 704 2815; x_wconf 89' lang='lat' dir='ltr'>puniendi</span> <span class='ocrx_word' id='word_1_279' title='bbox 739 2754 924 2801; x_wconf 89' lang='lat' dir='ltr'>modus.</span> <span class='ocrx_word' id='word_1_280' title='bbox 1018 2755 1182 2818; x_wconf 86' lang='lat' dir='ltr'>Atque</span> <span class='ocrx_word' id='word_1_281' title='bbox 1218 2755 1348 2801; x_wconf 89' lang='lat' dir='ltr'>haud</span> <span class='ocrx_word' id='word_1_282' title='bbox 1384 2755 1478 2801; x_wconf 85' lang='lat' dir='ltr'>seio</span> <span class='ocrx_word' id='word_1_283' title='bbox 1515 2771 1573 2800; x_wconf 88' lang='lat' dir='ltr'>an</span> <span class='ocrx_word' id='word_1_284' title='bbox 1609 2756 1721 2800; x_wconf 87' lang='lat' dir='ltr'>satis</span> 
     </span>
     <span class='ocr_line' id='line_1_34' title="bbox 110 2827 1716 2893; baseline 0.001 -20"><span class='ocrx_word' id='word_1_285' title='bbox 110 2827 183 2884; x_wconf 85' lang='lat' dir='ltr'>sit,</span> <span class='ocrx_word' id='word_1_286' title='bbox 222 2843 346 2882; x_wconf 89' lang='lat' dir='ltr'>eum,</span> <span class='ocrx_word' id='word_1_287' title='bbox 384 2827 464 2890; x_wconf 89' lang='lat' dir='ltr'>qui</span> <span class='ocrx_word' id='word_1_288' title='bbox 499 2828 765 2883; x_wconf 87' lang='lat' dir='ltr'>lacessierit,</span> <span class='ocrx_word' id='word_1_289' title='bbox 801 2829 981 2892; x_wconf 80' lang='lat' dir='ltr'>injuriae</span> <span class='ocrx_word' id='word_1_290' title='bbox 1018 2846 1116 2875; x_wconf 82' lang='lat' dir='ltr'>suae</span> <span class='ocrx_word' id='word_1_291' title='bbox 1152 2830 1379 2893; x_wconf 87' lang='lat' dir='ltr'>poenitere</span> <span class='ocrx_word' id='word_1_292' title='bbox 1399 2846 1410 2885; x_wconf 90' lang='lat'>;</span> <span class='ocrx_word' id='word_1_293' title='bbox 1446 2836 1500 2876; x_wconf 84' lang='lat' dir='ltr'>ut</span> <span class='ocrx_word' id='word_1_294' title='bbox 1535 2836 1583 2876; x_wconf 88' lang='lat' dir='ltr'>et</span> <span class='ocrx_word' id='word_1_295' title='bbox 1617 2830 1716 2892; x_wconf 88' lang='lat' dir='ltr'>ipse</span> 
     </span>
     <span class='ocr_line' id='line_1_35' title="bbox 111 2903 1717 2969; baseline 0.001 -19"><span class='ocrx_word' id='word_1_296' title='bbox 111 2916 169 2950; x_wconf 83' lang='lat' dir='ltr'>ne</span> <span class='ocrx_word' id='word_1_297' title='bbox 203 2903 317 2965; x_wconf 89' lang='lat' dir='ltr'>quid</span> <span class='ocrx_word' id='word_1_298' title='bbox 352 2904 445 2949; x_wconf 87' lang='lat' dir='ltr'>tale</span> <span class='ocrx_word' id='word_1_299' title='bbox 482 2903 696 2965; x_wconf 86' lang='lat' dir='ltr'>posthae,</span> <span class='ocrx_word' id='word_1_300' title='bbox 734 2910 782 2950; x_wconf 90' lang='lat' dir='ltr'>et</span> <span class='ocrx_word' id='word_1_301' title='bbox 817 2904 960 2951; x_wconf 83' lang='lat' dir='ltr'>ceteri</span> <span class='ocrx_word' id='word_1_302' title='bbox 995 2905 1086 2951; x_wconf 90' lang='lat' dir='ltr'>sint</span> <span class='ocrx_word' id='word_1_303' title='bbox 1121 2905 1182 2951; x_wconf 90' lang='lat' dir='ltr'>ad</span> <span class='ocrx_word' id='word_1_304' title='bbox 1218 2906 1436 2969; x_wconf 78' lang='lat' dir='ltr'>injuriam</span> <span class='ocrx_word' id='word_1_305' title='bbox 1473 2905 1717 2951; x_wconf 87' lang='lat' dir='ltr'>tardiores.</span> 
     </span>
     <span class='ocr_line' id='line_1_36' title="bbox 112 2976 1771 3042; baseline 0.001 -18"><span class='ocrx_word' id='word_1_306' title='bbox 112 2976 274 3040; x_wconf 86' lang='lat' dir='ltr'>Atque</span> <span class='ocrx_word' id='word_1_307' title='bbox 309 2977 354 3023; x_wconf 92' lang='lat' dir='ltr'>in</span> <span class='ocrx_word' id='word_1_308' title='bbox 389 2994 438 3023; x_wconf 90' lang='lat' dir='ltr'>re</span> <span class='ocrx_word' id='word_1_309' title='bbox 475 2978 664 3040; x_wconf 84' lang='lat' dir='ltr'>publiea</span> <span class='ocrx_word' id='word_1_310' title='bbox 699 2978 903 3025; x_wconf 88' lang='lat' dir='ltr'>maxime</span> <span class='ocrx_word' id='word_1_311' title='bbox 940 2981 1259 3026; x_wconf 81' lang='lat' dir='ltr'>conservanda</span> <span class='ocrx_word' id='word_1_312' title='bbox 1295 2987 1405 3026; x_wconf 88' lang='lat' dir='ltr'>sunt</span> <span class='ocrx_word' id='word_1_313' title='bbox 1450 2980 1558 3042; x_wconf 84' lang='lat' dir='ltr'>jura</span> <span class='ocrx_word' id='word_1_314' title='bbox 1594 2979 1716 3026; x_wconf 87' lang='lat' dir='ltr'>belli.</span> <span class='ocrx_word' id='word_1_315' title='bbox 1746 2984 1771 3026; x_wconf 77' lang='lat'>2</span> 
     </span>
     <span class='ocr_line' id='line_1_37' title="bbox 114 3049 1720 3118; baseline 0.001 -20"><span class='ocrx_word' id='word_1_316' title='bbox 114 3049 238 3098; x_wconf 74' lang='lat' dir='ltr'>Nam</span> <span class='ocrx_word' id='word_1_317' title='bbox 274 3069 380 3098; x_wconf 89' lang='lat' dir='ltr'>eum</span> <span class='ocrx_word' id='word_1_318' title='bbox 416 3053 508 3098; x_wconf 86' lang='lat' dir='ltr'>sint</span> <span class='ocrx_word' id='word_1_319' title='bbox 544 3052 638 3098; x_wconf 90' lang='lat' dir='ltr'>duo</span> <span class='ocrx_word' id='word_1_320' title='bbox 674 3069 848 3116; x_wconf 85' lang='lat' dir='ltr'>genera</span> <span class='ocrx_word' id='word_1_321' title='bbox 884 3053 1170 3109; x_wconf 82' lang='lat' dir='ltr'>decertandi,</span> <span class='ocrx_word' id='word_1_322' title='bbox 1199 3072 1344 3101; x_wconf 88' lang='lat' dir='ltr'>unum</span> <span class='ocrx_word' id='word_1_323' title='bbox 1382 3071 1466 3118; x_wconf 85' lang='lat' dir='ltr'>per</span> <span class='ocrx_word' id='word_1_324' title='bbox 1491 3054 1720 3118; x_wconf 77' lang='lat' dir='ltr'>discepta—</span> 
     </span>
    </p>
   </div>
  </div>
 </body>
</html>
