2054 3470
695 236 830 265 Lmen
858 235 888 265 1.
961 235 1069 264 cAP.
1097 234 1202 264 xxv,
1710 223 1763 264 33

82 361 244 409 posse3
281 361 330 391 se
354 346 520 407 fugere
545 344 642 389 sine
668 359 753 388 suo
779 342 1010 388 dedecore
1034 357 1126 386 non
1162 357 1315 403 posse.
1385 341 1550 402 Atque
1573 342 1678 388 haec
1707 348 1764 389 10

78 420 266 483 quidem
305 418 673 465 Lacedaemoniis
712 417 854 480 plaga
888 415 1161 461 mediocris:
1198 415 1277 461 illa
1313 415 1547 477 pestifera,
1575 431 1681 479 qua,

78 511 186 542 cum
212 495 557 547 Cleombrotus,
578 492 797 539 invidiam
822 491 1004 544 timens,
1026 496 1202 536 temere
1228 506 1335 536 cum
1359 490 1685 552 Epaminonda

77 569 373 624 conflixisset,
410 567 873 614 Lacedaemoniorum
910 581 1024 628 opes
1051 571 1338 610 corruerunt.
1411 565 1599 620 Quanto
1626 565 1682 621 Q.
1717 569 1763 611 11

78 644 309 690 Maximus
335 643 539 690 melius?
570 642 630 689 de
655 658 747 705 quo
772 641 975 687 Ennius:

288 728 421 775 Unus
445 728 576 772 homo
598 727 723 772 nobis
746 725 999 771 czmctando
1022 724 1225 770 restituit
1247 740 1355 771 stem.

271 803 387 848 Non
402 803 597 862 ponebat
619 802 738 847 enim
762 816 966 846 rumores
988 802 1093 845 ante
1116 800 1323 845 salutem.

273 877 404 938 Eryo
418 884 612 938 postque
635 878 871 937 mayisque
893 876 983 921 viri
1007 891 1128 920 nunc
1147 875 1299 934 yloria
1323 875 1472 921 claret.

77 962 218 1018 Quod
253 978 403 1025 genus
439 961 666 1024 peccandi
689 961 930 1006 vitandum
970 964 1041 1005 est
1080 958 1220 1005 etiam
1244 958 1290 1004 in
1313 959 1453 1005 rebus
1479 958 1682 1006 urbanis.
1713 964 1768 1006 12

77 1038 199 1084 Sunt
233 1037 369 1091 enim,
396 1037 488 1099 qui,
517 1036 645 1099 quod
684 1035 902 1089 sentiunt,
931 1034 1016 1080 etsi
1055 1033 1286 1095 optimum
1326 1034 1398 1088 sit,
1424 1039 1582 1080 tamen
1618 1033 1683 1080 in-

77 1112 212 1159 vidiae
238 1121 368 1157 metu
391 1128 484 1157 non
508 1111 685 1156 audent
710 1111 877 1156 dicere.

140 1241 294 1288 XXV.
323 1240 524 1286 Omnino
544 1239 623 1302 qui
641 1239 706 1285 rei
731 1239 932 1301 publicae
953 1238 1203 1301 praefuturi
1222 1245 1331 1283 sunt
1355 1238 1450 1284 duo
1474 1238 1685 1285 Platonis

77 1322 320 1379 praecepta
344 1322 567 1361 teneant:
606 1331 766 1368 unum,
795 1321 848 1359 ut
873 1314 1123 1359 utilitatem
1160 1313 1328 1358 civium
1355 1313 1419 1358 sic
1446 1318 1682 1368 tueantur,

77 1398 143 1445 ut,
171 1406 467 1453 quaecunque
494 1395 657 1454 agunt,
684 1389 745 1434 ad
778 1405 882 1434 eam
919 1388 1136 1442 reserant,
1164 1387 1296 1433 obliti
1331 1387 1686 1434 commodorum

77 1481 298 1512 suorum:
337 1466 551 1520 alterum,
578 1470 632 1510 ut
667 1470 821 1510 totum
859 1479 1030 1526 corpus
1067 1463 1132 1508 rei
1167 1462 1370 1524 publicae
1407 1468 1584 1517 curent,
1610 1478 1682 1517 ne,

78 1541 192 1587 dum
226 1547 410 1604 partem
445 1541 650 1602 aliquam
684 1545 891 1593 tuentur,
918 1538 1119 1600 reliquas
1157 1538 1389 1583 deserant.
1460 1537 1528 1583 Ut
1563 1537 1685 1582 enim
1715 1542 1738 1584 2

79 1616 239 1670 tutela,
268 1616 331 1662 sic
367 1614 634 1678 procuratio
669 1614 735 1660 rei
771 1614 973 1677 publicae
1015 1613 1075 1658 ad
1115 1612 1364 1658 utilitatem
1404 1628 1579 1667 eorum,
1607 1612 1686 1675 qui

78 1690 310 1738 commissi
333 1696 456 1745 sunt,
483 1707 577 1736 non
601 1689 662 1735 ad
687 1705 862 1742 eorum,
890 1688 1059 1750 quibus
1096 1687 1346 1733 commissa
1369 1693 1453 1741 est,
1479 1687 1687 1750 gerenda

78 1772 162 1813 est.
234 1766 326 1822 Qui
364 1771 523 1811 autem
560 1764 683 1828 parti
718 1763 886 1810 civium
924 1763 1188 1817 consulunt,
1216 1768 1399 1825 partem
1423 1761 1683 1825 negligunt,
1713 1768 1738 1808 3

78 1858 175 1887 rem
201 1840 636 1904 perniciosissimam
656 1839 701 1885 in
721 1839 958 1884 civitatem
983 1837 1225 1891 inducunt,
1248 1837 1528 1882 seditionem
1545 1843 1686 1899 atque

78 1915 388 1962 &scordiamz
427 1931 486 1961 ex
520 1931 614 1977 quo
651 1913 820 1968 evenit,
863 1919 918 1958 ut
959 1913 1034 1958 alii
1075 1912 1342 1974 populares,
1380 1911 1456 1957 alii
1490 1911 1686 1966 studiosi

78 1991 242 2054 optimi
274 1990 503 2053 cujusque
528 1989 787 2042 videantur,
814 1987 952 2049 pauci
988 1986 1324 2032 universorum.
1396 1985 1519 2031 Hinc
1556 1986 1685 2048 apud
1713 1992 1738 2031 4

77 2065 392 2111 Athenienses
427 2080 613 2127 magnae
652 2062 923 2108 discordiae:
976 2061 1023 2107 in
1057 2067 1216 2106 nostra
1264 2076 1313 2106 re
1363 2060 1552 2122 publica.
1592 2077 1685 2106 non

79 2141 230 2186 solum
251 2139 514 2193 seditiones,
537 2137 621 2184 sed
647 2137 786 2183 etiam
813 2136 1033 2199 pestifera
1056 2136 1181 2182 bella
1201 2135 1374 2181 civilia:
1402 2151 1509 2196 quae
1530 2135 1686 2198 gravis

79 2222 126 2261 et
149 2214 280 2261 fortis
306 2214 415 2260 civis
441 2219 489 2259 et
512 2213 559 2259 in
582 2228 632 2259 re
658 2212 847 2274 publica
887 2211 1057 2274 dignus
1083 2210 1349 2273 principatu
1373 2209 1522 2272 fugiet
1546 2216 1687 2272 atque

79 2289 242 2344 oderit,
282 2288 535 2351 tradetque
570 2303 621 2333 se
655 2292 810 2333 totum
844 2285 911 2332 rei
935 2286 1154 2348 publicae,
1181 2301 1333 2346 neque
1358 2301 1472 2347 opes
1496 2290 1578 2330 aut
1604 2301 1686 2347 po-

79 2364 273 2410 tentiam
297 2363 658 2416 consectabitur,
680 2367 925 2423 totamque
945 2376 1049 2406 eam
1067 2359 1132 2406 sic
1152 2360 1374 2414 tuebitur,
1396 2365 1450 2405 ut
1469 2359 1686 2407 omnibus

80 2439 306 2485 consulat.
376 2438 478 2484 Nec
501 2453 613 2483 vero
649 2435 916 2483 criminibus
951 2434 1081 2481 salsis
1104 2434 1150 2480 in
1176 2434 1336 2479 odium
1360 2440 1442 2480 aut
1466 2433 1685 2480 invidiam
1713 2441 1737 2480 5

81 2529 364 2576 quemquam
387 2512 599 2559 vocabit:
638 2510 920 2573 omninoque
944 2509 1008 2556 ita
1028 2509 1224 2572 justitiae
1251 2508 1578 2571 honestatique
1603 2508 1684 2554 ad-

82 2589 325 2643 haerescet,
350 2593 418 2643 ut,
446 2588 560 2634 dum
597 2603 652 2633 ea
688 2591 945 2640 conservet,
972 2584 1185 2647 quamvis
1217 2584 1427 2647 graviter
1462 2583 1684 2637 offendat,

86 2668 374 2725 mortemque
399 2667 596 2725 oppetat
621 2661 791 2724 potius,
819 2676 961 2722 quam
987 2659 1176 2705 deserat
1200 2659 1291 2713 illa,
1318 2674 1426 2721 quae
1455 2658 1563 2705 dixi.

147 2738 407 2784 Miserrima
429 2736 615 2782 omnino
640 2741 711 2782 est
743 2735 935 2781 ambitio
970 2734 1297 2795 honorumque
1323 2733 1558 2778 contentio
1581 2748 1589 2778 :
1629 2732 1686 2777 de
1714 2736 1736 2776 6

83 2829 172 2875 qua
210 2812 438 2876 praeclare
474 2811 604 2873 apud
645 2810 848 2856 eundem
884 2816 956 2855 est
990 2809 1253 2862 Platonem,
1290 2807 1499 2853 similiter
1533 2807 1686 2851 facere

85 2902 178 2942 eOS,
215 2887 294 2949 qui
335 2886 451 2932 inter
495 2901 544 2931 se
585 2884 936 2938 contenderent,
974 2889 1080 2929 uter
1115 2882 1270 2944 potius
1306 2898 1404 2927 rem
1448 2881 1680 2943 publicam

85 2960 441 3014 administraret,
470 2965 520 3005 ut
545 2959 583 3005 si
606 2966 764 3004 nautae
803 2963 1048 3010 certarent,
1077 2956 1178 3019 quis
1204 2972 1366 3002 eorum
1392 2954 1683 3017 potissimum

85 3035 384 3098 gubernaret.
