2054 3470
285 215 367 255 104
831 274 833 276 V
992 231 1053 260 DE
1080 231 1290 262 OFFICIIS

363 334 516 389 nicies,
544 336 668 398 quod
698 336 811 382 alios
837 337 999 392 bonos,
1025 338 1138 384 alios
1163 339 1398 402 sapientes
1428 339 1707 387 existimant.
1777 341 1850 387 Ex
1875 356 1966 404 quc

362 410 554 465 Ennius,
581 413 885 472 nequicquam
919 429 1070 473 sapere
1103 415 1363 474 sapientem,
1391 416 1475 476 qui
1515 416 1608 475 ipse
1642 416 1728 461 sibi
1757 417 1969 476 prodesse

361 502 452 530 non
490 487 650 546 quiret.
724 487 850 533 Vere
889 487 937 533 id
973 488 1177 550 quidem,
1216 489 1267 544 si,
1305 490 1418 552 quid
1457 495 1581 536 esset
1609 491 1834 550 prodesse,
1859 491 1965 538 mihi

282 564 336 606 10
363 576 469 606 cum
495 561 644 606 Ennio
670 562 949 609 conveniret.
1020 563 1312 610 Hecatonem
1338 565 1528 627 quidem
1553 565 1808 621 Rhodium,
1836 565 1970 612 disci-

363 635 528 697 pulum
566 636 775 690 Panaetii,
804 637 939 683 video
978 637 1024 683 in
1062 637 1115 684 iis
1150 638 1292 693 libris,
1330 656 1447 702 quos
1487 639 1547 686 de
1585 639 1744 686 officiis
1787 641 1971 703 scripsit

362 710 416 765 Q.
453 710 700 766 Tuberoni,
741 711 910 766 dicere,
958 712 1193 772 Sapientis
1229 730 1328 768 esse,
1367 716 1487 760 nihil
1524 722 1681 761 contra
1717 731 1874 770 mores,
1913 716 1970 762 le·

279 789 329 830 ll
355 801 444 844 qes,
472 786 685 830 instituta
707 787 965 847 facientem,
993 788 1148 834 habere
1172 790 1395 835 rationem
1431 791 1496 836 rei
1519 791 1799 851 familiaris.
1870 791 1970 838 Ne-

359 876 444 921 que
477 862 595 906 enim
630 862 781 907 solum
820 864 946 908 nobis
980 863 1139 909 divites
1177 880 1263 909 esse
1297 866 1524 919 volumus,
1552 865 1628 910 sed
1667 866 1829 919 liberis,
1857 881 1970 925 pro·

351 936 556 996 pinquis,
593 937 766 991 amicis,
805 939 1087 997 maximeque
1123 939 1188 984 rei
1220 940 1434 998 publia-ce.
1509 939 1817 999 Sinqulorum
1852 942 1969 986 enim

279 1015 330 1055 12
357 1012 615 1071 facultates
654 1019 694 1057 et
735 1013 873 1072 copiae
909 1013 1085 1058 divitae
1124 1021 1233 1059 suut
1273 1015 1484 1060 civitatis.
1575 1015 1699 1061 Huic
1742 1015 1969 1062 Scaevoloe

356 1086 550 1142 factum,
579 1088 638 1134 de
663 1103 756 1151 quo
799 1087 940 1150 paulo
976 1093 1084 1134 ante
1121 1088 1228 1143 dixi,
1257 1089 1442 1151 placere
1467 1090 1596 1135 nullo
1628 1090 1771 1136 modo
1796 1097 1967 1154 potest.

357 1161 544 1208 Etenim
585 1163 771 1209 omnino
810 1169 995 1208 tantum
1044 1179 1093 1209 se
1134 1170 1279 1227 negat
1320 1165 1558 1210 facturum
1599 1166 1865 1227 compendii
1899 1166 1969 1212 sui

358 1252 513 1292 causa,
541 1238 786 1300 quod·non
810 1238 961 1284 liceat.
1034 1237 1158 1285 Huic
1183 1255 1268 1285 nec
1294 1239 1395 1285 laus
1416 1256 1589 1303 magna
1608 1240 1859 1286 tribuenda
1883 1257 1968 1288 nec

278 1317 329 1357 13
357 1312 509 1374 gratia
528 1319 612 1359 est.
669 1313 766 1360 Sed
783 1313 878 1358 sive
895 1313 1129 1359 simulatio
1149 1321 1196 1360 et
1214 1314 1521 1360 dissimulatio
1542 1315 1678 1360 dolus
1697 1316 1848 1361 malus
1869 1322 1968 1370 est;

357 1403 606 1450 perpaucae
631 1404 705 1434 res
730 1395 852 1442 sunt,
881 1387 927 1433 in
952 1389 1121 1450 quibus
1146 1405 1239 1435 non
1275 1390 1411 1435 dolus
1437 1390 1523 1435 iste
1549 1390 1700 1436 malus
1727 1397 1964 1437 versetur:

357 1462 452 1508 sive
495 1462 564 1508 vir
612 1464 763 1510 bonus
806 1468 878 1509 est
924 1463 975 1517 is,
1020 1463 1099 1525 qui
1147 1464 1355 1526 prodest,
1396 1465 1566 1526 quibus
1615 1471 1786 1527 potest,
1829 1472 1968 1512 nocet

357 1538 555 1593 nemini3
611 1544 737 1584 certe
784 1538 926 1584 istum
969 1538 1121 1584 virum
1164 1540 1338 1585 bonum
1384 1556 1477 1585 non
1517 1540 1652 1586 facile
1693 1540 1964 1603 reperimus.

279 1617 330 1657 14
357 1613 614 1675 Nunquam
646 1613 789 1676 igitur
821 1620 893 1659 est
930 1613 1043 1659 utile
1082 1629 1292 1676 peccare,
1328 1615 1436 1676 quia
1471 1631 1659 1678 semper
1694 1622 1765 1662 est
1799 1621 1964 1679 turpe:

356 1693 404 1733 et
428 1688 536 1750 quia
561 1704 748 1751 semper
774 1695 844 1733 est
881 1689 1129 1734 honestum
1157 1689 1307 1734 virum
1345 1691 1518 1735 bonum
1546 1705 1660 1744 esse,
1688 1706 1873 1753 semper
1896 1697 1967 1737 est

359 1763 484 1809 utile.

421 1915 554 1961 XVI.
583 1915 656 1961 Ac
679 1915 736 1960 de
757 1915 864 1978 jure
881 1915 1071 1978 quidem
1092 1914 1377 1977 praediorum
1398 1921 1613 1961 sanctum
1638 1915 1767 1978 apud
1791 1932 1876 1962 nos
1897 1922 1966 1962 est

352 1989 457 2052 jure
499 1989 631 2044 civili,
668 1998 721 2035 ut
762 1990 807 2035 in
848 1991 920 2035 his
956 1990 1214 2036 vendendis
1250 1990 1360 2036 vitia
1403 1990 1684 2045 dicerentur,
1713 2006 1821 2053 quae
1854 1998 1965 2037 nota

303 2070 328 2110 2
356 2069 511 2110 essent
535 2064 778 2111 venditori.
850 2065 989 2120 Nam,
1017 2082 1125 2111 cum
1151 2081 1208 2111 ex
1233 2065 1484 2111 duodecim
1508 2066 1680 2112 tabulis
1705 2066 1817 2112 satis
1842 2072 1966 2113 esset

355 2155 411 2186 ea
448 2140 673 2202 praestari,
702 2156 810 2202 quae
844 2146 1000 2186 essent
1037 2141 1198 2202 lingua
1235 2146 1521 2203 nuncupata,
1551 2156 1654 2203 quae
1685 2140 1764 2203 qui
1801 2140 1963 2188 infitia-

358 2221 434 2261 tus
460 2220 597 2269 esset,
624 2215 757 2277 dupli
782 2231 974 2278 poenam
1000 2216 1203 2262 subiret:
1241 2231 1269 2260 a
1298 2216 1417 2278 juris
1444 2216 1666 2262 consultis
1692 2216 1833 2262 etiam
1857 2216 1963 2262 reti-

302 2295 328 2335 3
357 2289 520 2336 centiae
547 2305 690 2352 poena
715 2297 786 2336 est
812 2290 1078 2336 constituta.
1151 2290 1388 2352 Quicquid
1422 2290 1544 2335 enim
1569 2296 1694 2336 esset
1717 2290 1763 2336 in
1788 2291 1963 2354 praedio

355 2365 464 2419 vitii,
490 2365 537 2411 id
562 2371 843 2419 statuerunt,
871 2365 909 2411 si
932 2365 1148 2411 venditor
1182 2365 1334 2420 sciret,
1369 2366 1454 2411 nisi
1489 2366 1761 2412 nominatim
1786 2367 1963 2414 dictum

303 2444 330 2485 4
357 2445 493 2494 esset,
516 2440 728 2503 praestari
752 2446 983 2503 oportere.
1055 2440 1137 2494 Ut,
1160 2456 1268 2486 cum
1287 2440 1333 2486 in
1357 2456 1462 2486 arce
1482 2441 1733 2503 augurium
1758 2457 1963 2505 augures

355 2514 503 2561 acturi
543 2520 712 2569 essent,
746 2515 1090 2578 jussissemque
1128 2515 1193 2562 Ti.
1223 2515 1473 2561 Claudium
1500 2516 1846 2572 Centumalum,
1884 2520 1961 2581 qui

357 2590 481 2636 aedes
507 2590 553 2636 in
579 2590 730 2636 Coelio
754 2597 911 2636 monte
946 2591 1168 2645 habebat,
1195 2590 1407 2637 demoliri
1431 2607 1500 2645 ea,
1527 2607 1725 2653 quorum
1762 2592 1962 2640 altitudo

356 2665 563 2711 officeret
601 2665 833 2728 auspiciis,
881 2665 1106 2711 Claudius
1148 2665 1424 2729 proscripsit
1469 2666 1682 2721 insulam,
1725 2668 1959 2722 vendidit;

304 2746 329 2788 5
356 2739 466 2786 emit
490 2740 544 2786 P.
566 2740 847 2802 Calpurnius
863 2740 1103 2786 Lanarius.
1176 2740 1298 2786 Huic
1325 2742 1385 2787 ab
1411 2741 1671 2804 auguribus
1695 2741 1811 2787 illud
1835 2742 1959 2788 idem

355 2814 682 2861 denuntiatum
717 2820 801 2860 est.
873 2816 1042 2877 Itaque
1070 2815 1351 2876 Calpurnius
1388 2832 1495 2861 cum
1533 2815 1783 2861 demolitus
1820 2824 1957 2871 esset,

356 2895 712 2953 cognossetque,
759 2889 1010 2934 Claudium
1057 2889 1181 2934 aedes
1229 2896 1394 2952 postea
1441 2890 1781 2952 proscripsisse,
1820 2907 1957 2953 quam

355 2969 480 3011 esset
515 2964 574 3010 ab
610 2963 867 3027 auguribus
903 2963 1114 3009 demoliri
1151 2964 1326 3026 jussus,
1355 2965 1583 3011 arbitrum
1618 2965 1749 3011 illum
1782 2965 1957 3029 adegit.

357 3054 654 3092 Qulcoun)
691 3054 816 3084 SIBI
852 3053 1038 3093 DARE,
1077 3054 1314 3085 FACERE
1352 3055 1688 3086 OPORTERET
1723 3055 1791 3086 Ex
1827 3055 1960 3087 mna:
