2054 3470
744 239 883 269 unna
908 240 937 270 1.
1011 241 1118 271 cAP.
1146 242 1221 272 xx.
1769 235 1825 278 27

148 345 310 391 :inae-ia
344 354 391 390 et
426 345 564 391 nimia
602 346 832 408 cupiditas
871 347 1157 410 principatus
1182 348 1448 396 innascitur.
1519 350 1587 397 Ut
1623 352 1741 397 enim
1770 354 1794 399 7

143 419 271 481 apud
312 419 562 465 Platonem
599 427 684 474 est,
731 437 915 467 omnem
956 438 1135 468 morem
1177 423 1641 471 Lacedaemoniorum
1675 426 1740 471 in-

142 494 433 540 flammatum
469 510 570 540 esse
606 495 864 557 cupiditate
900 496 1141 543 vincendi:
1179 497 1257 551 sic,
1295 504 1349 544 ut
1382 499 1578 561 quisque
1603 501 1739 547 animi

143 568 458 631 magnitudine
515 569 714 615 maxime
756 570 952 624 excellit,
1001 570 1067 616 ita
1116 572 1318 618 maxime
1365 574 1467 619 vult
1523 574 1739 637 princeps

140 642 341 688 omnium
381 643 455 688 vel
496 643 653 705 potius
694 644 821 689 solus
863 660 978 691 esse.
1066 645 1262 691 Difficile
1303 653 1462 693 autem
1509 655 1594 703 est,
1633 666 1740 695 cum
1766 656 1791 697 8

141 724 365 777 praestare
404 718 619 764 omnibus
655 719 955 781 concupieris,
994 735 1179 766 servare
1216 721 1499 783 aequitatem,
1527 739 1634 785 quae
1668 730 1739 770 est

135 791 329 853 jpustitiae
352 792 553 838 maxime
579 793 782 855 propria.
852 793 924 839 Ex
943 810 1036 855 quo
1060 794 1125 848 fit,
1147 800 1200 840 ut
1225 811 1376 858 neque
1402 796 1738 860 disceptatione
1765 804 1791 845 9

139 865 256 911 vinci
290 882 340 912 se
375 882 461 912 nec
493 867 590 912 ullo
626 867 815 928 publico
850 883 904 914 ac
946 868 1155 932 legitimo
1185 869 1292 931 jure
1327 871 1592 932 patiantur:
1644 873 1735 919 exi-

136 946 358 1002 stuntque
393 940 439 986 in
470 956 521 986 re
553 941 741 1003 publica
778 942 1055 1005 plerumque
1092 943 1337 1006 largitores
1370 951 1417 991 et
1453 946 1646 1003 factiosi,
1685 954 1739 994 ut

136 1031 249 1077 opes
275 1031 416 1077 quam
451 1016 676 1061 maximas
703 1024 1057 1078 consequantur,
1085 1023 1132 1063 et
1167 1018 1258 1065 sint
1282 1019 1326 1065 vi
1350 1021 1505 1082 potius
1530 1023 1736 1084 superio-

134 1105 220 1143 reS,
243 1106 382 1151 quam
402 1090 583 1152 justitia
606 1106 758 1153 pareS.
828 1091 924 1137 Sed
949 1108 1041 1154 quo
1067 1092 1308 1148 difficilius,
1336 1095 1424 1141 hoc
1449 1097 1733 1158 praeclarius.
1765 1104 1822 1144 10

138 1164 331 1209 Nullum
352 1164 474 1210 enim
499 1170 570 1210 est
594 1171 797 1227 tempus
814 1166 940 1227 quod
961 1167 1143 1229 justitia
1161 1184 1327 1214 vacare
1347 1169 1532 1217 debeat.
1570 1171 1735 1218 Fortes
1765 1179 1814 1219 1]

134 1238 273 1302 igitur
307 1244 356 1284 et
391 1239 676 1302 magnanimi
709 1245 820 1285 sunt
856 1240 1075 1295 habendi,
1102 1258 1195 1288 non
1219 1243 1297 1305 qui
1333 1243 1522 1299 faciunt,
1550 1246 1633 1291 sed
1659 1247 1737 1308 qui

134 1313 411 1376 propulsant
429 1313 660 1375 injuriam.
711 1313 838 1359 Vera
857 1321 1015 1360 autem
1034 1321 1080 1361 et
1100 1316 1285 1379 sapiens
1304 1317 1442 1363 animi
1461 1320 1734 1382 magnitudo

134 1388 382 1433 honestum
419 1387 548 1441 illud,
576 1387 703 1450 quod
739 1389 939 1434 maxime
965 1395 1132 1436 natura
1168 1391 1391 1453 sequitur,
1419 1392 1466 1439 in
1489 1393 1625 1440 factis
1651 1412 1734 1458 po-

133 1462 288 1517 situm,
315 1478 408 1508 non
443 1461 489 1507 in
525 1462 676 1525 gloria
706 1463 901 1525 judicat,
929 1464 1281 1528 principemque
1317 1482 1367 1512 se
1404 1483 1505 1513 esse
1539 1470 1734 1525 mavult,

133 1553 274 1599 quam
307 1536 466 1584 videri.
537 1537 723 1582 Etenim
759 1537 838 1599 qui
872 1554 929 1584 ex
970 1554 1125 1585 errore
1159 1540 1389 1602 imperitae
1426 1543 1735 1590 multitudinis
1764 1533 1828 1591 12'

133 1612 325 1674 pendet,
346 1611 422 1657 hic
446 1611 493 1657 in
517 1612 700 1674 magnis
719 1612 827 1657 viris
852 1629 944 1658 non
969 1620 1040 1659 est
1063 1614 1324 1662 habendus.
1398 1616 1634 1664 Facillime
1654 1635 1733 1664 au·
1763 1625 1817 1666 13

133 1693 229 1732 tem
263 1686 324 1731 ad
356 1702 430 1732 res
461 1686 658 1749 injustas
692 1686 960 1749 impellitur,
997 1694 1050 1734 ut
1087 1689 1283 1752 quisque
1321 1690 1545 1738 altissimo
1580 1693 1734 1739 animo

133 1768 218 1816 est,
256 1761 417 1825 gloriae
453 1760 726 1823 cupiditate.
798 1762 889 1817 Qui
924 1763 1055 1808 locus
1092 1769 1162 1809 est
1198 1780 1308 1810 sane
1343 1765 1564 1820 lubricus,
1608 1768 1735 1830 quod

134 1837 207 1882 vix
231 1836 476 1890 invenitur,
498 1836 591 1898 qui,
618 1835 857 1883 laboribus
883 1838 1112 1899 susceptis
1139 1839 1448 1902 periculisque
1472 1841 1622 1896 aditis,
1644 1858 1733 1888 non

132 1911 264 1974 quasi
287 1911 551 1957 mercedem
576 1927 731 1956 rerum
757 1919 998 1974 gestarum
1023 1912 1257 1959 desideret
1281 1914 1489 1977 gloriam.
1524 1966 1528 1970 .

198 2062 300 2107 XX.
340 2060 537 2106 Omnino
555 2059 685 2105 fortis
702 2059 879 2105 animus
900 2067 946 2106 et
964 2078 1162 2124 magnus
1180 2062 1362 2109 duabus
1382 2065 1519 2111 rebus
1536 2081 1733 2112 max1me

134 2136 363 2181 cernitur:
402 2150 601 2197 quarum
626 2151 719 2180 una
743 2135 788 2180 in
813 2151 968 2180 rerum
993 2143 1291 2183 externarum
1323 2138 1625 2200 despicientia
1650 2156 1732 2202 po-

134 2211 269 2264 nitur,
309 2226 416 2255 cum
456 2215 732 2271 persuasum
771 2209 843 2264 sit,
880 2210 993 2255 nihil
1028 2210 1277 2266 hominem,
1304 2212 1388 2257 nisi
1426 2214 1553 2275 quod
1591 2215 1734 2260 hone·

133 2291 258 2330 stum
282 2284 597 2345 decorumque
633 2284 705 2338 sit,
732 2290 815 2329 aut
851 2284 1068 2331 admirari
1102 2292 1184 2331 aut
1219 2293 1382 2348 optare
1407 2294 1489 2333 aut
1514 2296 1733 2350 expetere

134 2356 362 2421 oportere,
389 2358 595 2420 nullique
636 2374 787 2420 neque
822 2359 998 2404 homini
1033 2376 1184 2422 neque
1223 2362 1561 2423 perturbationi
1596 2364 1734 2409 animi

134 2449 217 2479 nec
242 2434 442 2479 fortunae
467 2433 785 2479 succumbere.
856 2434 1024 2480 Altera
1050 2443 1121 2480 est
1153 2451 1239 2489 res,
1267 2441 1335 2491 ut,
1361 2453 1467 2482 cum
1492 2437 1555 2482 ita
1581 2437 1641 2483 sis
1667 2438 1730 2482 af-
1760 2444 1785 2483 2

135 2509 284 2553 fectus
321 2508 487 2562 animo,
513 2513 566 2552 ut
590 2523 733 2569 supra
758 2507 866 2561 dixi,
893 2524 967 2553 res
1002 2525 1139 2572 geras
1175 2525 1370 2573 magnas
1406 2511 1508 2556 illas
1544 2512 1733 2573 quidem

135 2589 181 2628 et
205 2581 403 2626 maxime
427 2581 579 2636 utiles,
605 2581 688 2627 sed
713 2587 766 2627 ut
790 2583 1093 2628 vehementer
1116 2584 1287 2637 arduas
1312 2585 1567 2647 plenasque
1603 2586 1731 2632 labo·

135 2671 238 2701 rum
277 2661 323 2701 et
363 2655 676 2717 periculorum
712 2673 820 2702 cum
854 2657 963 2703 vitae
1003 2665 1103 2703 tum
1142 2659 1396 2705 multarum
1431 2676 1600 2714 rerum,
1628 2676 1733 2722 quae

135 2729 195 2774 ad
219 2729 362 2774 vitam
388 2730 634 2792 pertinent.
705 2731 889 2776 Harum
918 2747 1074 2777 rerum
1099 2733 1298 2778 duarum
1324 2733 1547 2795 splendor
1570 2734 1730 2787 omnis,
1760 2740 1783 2779 3

135 2803 414 2865 amplitudo,
440 2803 565 2849 addo
600 2805 740 2850 etiam
776 2805 1041 2860 utilitatem,
1081 2807 1127 2852 in
1164 2807 1420 2869 posteriore
1456 2814 1555 2853 est:
1594 2824 1733 2853 causa

136 2883 296 2922 autem
322 2883 368 2923 et
392 2878 512 2923 ratio
530 2878 730 2924 efficiens
754 2895 953 2942 magnos
972 2880 1093 2926 viros
1112 2890 1183 2926 est
1206 2882 1251 2927 in
1277 2882 1442 2944 priore.
1514 2882 1569 2927 In
1589 2897 1643 2927 eo
1663 2887 1734 2926 est

137 2951 258 2997 enim
292 2951 423 3006 illud,
450 2952 575 3014 quod
612 2953 894 2999 excellentes
930 2954 1107 3000 animos
1133 2962 1180 3001 et
1203 2956 1411 3002 humana
1437 2961 1729 3001 contemnen-

141 3033 209 3072 tcs
231 3024 356 3072 facit.
