2054 3470
241 202 330 243 120
798 240 801 243 ,
950 212 1011 241 DE
1041 212 1254 243 ormcns
1302 186 1306 190 ”

266 326 293 367 9
320 336 369 367 se
394 320 741 367 adolescentem
761 319 901 383 jussit
925 320 1093 367 venire.
1165 320 1235 366 At
1258 320 1348 375 ille,
1375 326 1428 366 ut
1451 320 1688 384 ingressus
1714 326 1798 374 est,
1827 336 1930 367 con-

321 396 475 456 festim
501 395 713 460 gladium
737 395 996 450 destrinxit,
1018 396 1301 459 juravitque,
1320 413 1369 442 se
1388 395 1520 442 illum
1540 395 1699 442 statim
1722 395 1934 442 interfec-

323 477 495 525 turum,
523 470 608 517 nisi
642 471 721 534 jus
759 470 1017 533 jurandum
1044 470 1266 526 dedisset,
1294 487 1343 517 se
1380 478 1565 533 patrem
1601 471 1798 517 missum
1834 486 1936 518 esse

239 552 294 594 10
321 547 579 593 facturum.
649 545 837 593 ‚Iuravit
861 546 951 592 hoc
978 553 1169 592 coactus
1194 553 1370 592 terrore
1393 546 1715 609 Pomponius;
1751 562 1851 592 rem
1877 545 1936 591 ad

323 622 555 685 populum
597 620 798 676 detulit;
837 620 1009 676 docuit,
1048 638 1132 668 cur
1179 621 1266 667 sibi
1304 637 1446 667 causa
1485 621 1711 668 desistere
1749 637 1939 667 necesse

241 703 292 744 ¹1
324 704 475 750 esset;
514 696 743 742 Manlium
779 696 974 742 missum
1009 697 1120 742 fecit
1205 697 1408 742 Tantum
1434 696 1725 759 temporibus
1750 696 1838 742 illis
1859 695 1938 758 jus

318 772 574 836 jurandum
599 772 801 818 valebat.
871 772 1036 833 Atque
1062 771 1136 818 hic
1162 772 1210 818 T.
1233 771 1436 817 Manlius
1460 771 1497 817 is
1523 783 1607 826 est,
1634 771 1714 834 qui
1737 770 1799 816 ad
1824 771 1937 817 Ani-

322 864 458 894 enem
486 847 623 901 Galli,
651 863 791 909 quem
833 847 893 893 ab
931 863 986 893 eo
1025 853 1311 910 provocatus
1354 846 1606 901 occiderat,
1644 853 1813 909 torque
1859 846 1938 892 de·

323 928 487 976 tracto,
516 938 778 985 cognomen
814 921 1014 967 invenit:
1054 922 1191 984 cujus
1226 921 1365 968 tertio
1402 919 1652 968 consulatu
1686 920 1841 967 Latini
1876 921 1938 966 ad

325 998 538 1044 Veserim
565 997 657 1044 fusi
694 1003 741 1043 et
776 997 940 1060 fugati.
1015 996 1218 1060 Magnus
1245 996 1316 1043 vir
1339 997 1386 1042 in
1411 996 1585 1060 primis,
1612 1002 1659 1043 et
1684 996 1763 1059 qui
1790 995 1942 1060 perin—

326 1073 524 1137 dulgens
549 1072 595 1118 in
620 1078 818 1136 patrem,
847 1072 972 1118 idem
996 1073 1164 1119 acerbe
1190 1088 1380 1119 severus
1405 1072 1452 1118 in
1478 1072 1636 1119 filium.

389 1224 594 1271 XXXII.
622 1222 718 1269 Sed
739 1229 791 1269 ut
809 1222 1075 1269 laudandus
1100 1223 1317 1286 Regulus
1336 1222 1381 1269 in
1402 1222 1721 1269 conservando
1742 1222 1848 1285 jure
1869 1222 1944 1285 ju-

322 1300 486 1354 rando,
513 1299 578 1345 sic
604 1298 770 1345 decem
795 1298 873 1353 illi,
901 1314 1019 1361 quos
1045 1305 1154 1361 post
1182 1299 1480 1344 Cannensem
1516 1313 1730 1361 pugnam
1761 1297 1946 1361 juratos

325 1375 386 1421 ad
411 1380 627 1421 senatum
652 1374 776 1419 misit
802 1373 1053 1428 Hannibal,
1075 1389 1125 1419 se
1150 1373 1196 1419 in
1222 1381 1376 1419 castra
1399 1373 1634 1419 redituros
1660 1388 1729 1427 ea,
1747 1388 1946 1435 quorum

326 1455 458 1497 erant
483 1449 618 1512 potiti
643 1449 794 1503 Poeni,
822 1448 907 1494 nisi
932 1448 991 1495 de
1016 1448 1302 1495 redimendis
1328 1448 1525 1511 captivis
1549 1447 1947 1510 impetravissent,

274 1532 298 1572 2
327 1526 364 1572 si
398 1542 492 1571 non
527 1524 781 1578 redierunt,
818 1524 1131 1587 vituperandi.
1203 1524 1276 1570 De
1315 1524 1485 1586 quibus
1522 1539 1616 1569 non
1653 1538 1816 1568 omnes
1853 1538 1949 1568 uno

326 1602 482 1648 modo.
543 1601 670 1647 Nam
694 1600 937 1662 Polybius,
956 1600 1108 1646 bonus
1132 1605 1298 1646 auctor
1321 1599 1367 1645 in
1392 1599 1566 1662 primis,
1594 1614 1652 1644 ex
1678 1598 1843 1644 decem
1866 1613 1948 1644 no·

326 1676 573 1730 bilissimis‚
600 1675 680 1738 qui
704 1681 807 1721 tum
831 1681 965 1721 erant
988 1675 1130 1729 missi,
1156 1690 1328 1720 novem
1353 1674 1599 1720 revertisse
1627 1671 1799 1738 [dicit],
1826 1688 1854 1718 a
1878 1688 1949 1719 se-

326 1759 443 1799 natu
467 1767 516 1798 re
535 1767 628 1797 non
651 1750 924 1813 impetrata:
952 1767 1099 1796 unum
1119 1765 1176 1796 cx
1196 1749 1374 1804 decem,
1396 1749 1475 1812 qui
1500 1749 1642 1812 paulo
1662 1754 1785 1811 post,
1807 1764 1947 1811 quam

329 1843 548 1892 egressus
583 1831 684 1872 erat
714 1842 738 1872 e
764 1825 942 1879 castriS,
968 1825 1182 1878 redisset,
1210 1824 1344 1887 quasi
1381 1824 1557 1887 aliquid
1597 1829 1722 1870 esset
1760 1823 1949 1878 oblitus,

275 1910 301 1950 3
329 1904 495 1949 Romae
519 1900 815 1947 remansisse.
888 1900 1065 1946 Reditu
1089 1900 1212 1946 enim
1237 1900 1284 1946 in
1309 1905 1464 1946 castra
1497 1900 1749 1946 liberatum
1774 1914 1823 1945 se
1848 1914 1950 1945 esse

324 1979 430 2042 jure
452 1976 656 2041 jurando
681 1976 1094 2039 interpretabatur.
1165 1976 1274 2022 Non
1299 1981 1454 2021 recte:
1485 1975 1614 2020 fraus
1639 1974 1762 2021 enim
1786 1974 1950 2020 astrin-

275 2059 302 2100 4
328 2054 412 2118 git,
432 2069 526 2099 non
545 2052 758 2098 dissolvit
783 2051 1058 2114 perjurium.
1112 2051 1224 2097 Fuit
1249 2050 1394 2114 igitur
1412 2050 1559 2096 stulta
1580 2050 1824 2104 calliditas,
1846 2065 1950 2112 per-

328 2145 463 2176 verse
497 2127 677 2174 imitata
714 2127 1030 2189 prudentiam.
1102 2127 1274 2189 Itaque
1312 2125 1522 2172 decrevit
1556 2131 1760 2180 senatus,
1787 2130 1841 2170 ut
1875 2124 1952 2171 ille

277 2213 303 2253 5
331 2209 569 2251 veterator
592 2209 640 2249 et
667 2202 865 2248 callidus
891 2202 1076 2248 vinctus
1101 2201 1162 2247 ad
1189 2201 1504 2247 Hannibalem
1529 2200 1795 2247 duceretur.
1855 2199 1952 2246 Sed

330 2278 449 2325 illud
472 2277 758 2323 maximum:
798 2284 905 2322 octo
930 2276 1174 2322 hominum
1210 2276 1336 2321 milia
1360 2276 1553 2321 tenebat
1578 2274 1832 2329 Hannibal,
1859 2290 1952 2320 non

331 2369 449 2416 quos
487 2352 534 2398 in
569 2352 668 2398 acie
704 2351 921 2414 cepisset,
950 2357 1032 2396 aut
1067 2350 1148 2413 qui
1187 2350 1394 2413 periculo
1432 2350 1595 2395 mortis
1635 2349 1949 2413 diffugissent,

332 2428 417 2474 sed
456 2426 537 2490 qui
571 2426 719 2473 relicti
753 2426 800 2472 in
836 2425 1001 2472 castris
1026 2425 1224 2471 fuissent
1248 2441 1276 2471 a
1299 2424 1451 2471 Paulo
1477 2430 1525 2470 et
1549 2440 1576 2469 a
1603 2424 1815 2470 Varrone
1843 2440 1950 2470 con-

280 2509 306 2550 6
334 2503 527 2549 sulibus.
598 2502 693 2548 Eos
719 2506 910 2547 senatus
935 2517 1029 2546 non
1054 2500 1236 2547 censuit
1258 2499 1572 2553 1·edimendOS‚
1599 2516 1707 2545 cum
1731 2499 1779 2544 id
1807 2515 1951 2562 parva

334 2578 531 2642 pecunia
571 2577 670 2624 fieri
705 2582 893 2640 posset:
931 2582 997 2633 ut,
1024 2581 1150 2622 essct
1183 2575 1373 2622 insitum
1408 2574 1631 2621 militibus
1666 2574 1836 2620 nostris
1870 2581 1952 2619 aut

282 2655 306 2701 7
334 2653 531 2708 vincere,
558 2658 641 2698 aut
665 2651 825 2698 emori.
886 2652 991 2707 Qua
1016 2651 1208 2714 quidem
1233 2666 1283 2696 re
1310 2650 1485 2705 audita,
1511 2650 1717 2696 fractum
1745 2649 1950 2695 animum

335 2727 611 2774 Hannibalis
637 2727 797 2774 scribit
819 2727 960 2781 idem,
988 2726 1116 2789 quod
1142 2732 1332 2772 senatus
1371 2725 1672 2788 populusque
1708 2725 1951 2770 Romanus

282 2810 308 2851 8
336 2803 477 2849 rebus
496 2802 678 2848 afflictis
702 2808 801 2848 tam
820 2802 1006 2848 excelso
1025 2801 1179 2847 animo
1202 2800 1381 2847 fuisset.
1437 2801 1515 2848 Sic
1539 2799 1798 2846 honestatis
1824 2815 1951 2845 com-

285 2884 309 2926 9
337 2877 578 2941 paratione
602 2893 670 2932 ea,
692 2893 799 2939 quae
829 2877 1048 2923 videntur
1070 2876 1217 2931 utilia,
1243 2876 1509 2923 vincuntur.
1568 2874 1750 2921 Acilius
1775 2879 1950 2928 autem,

336 2952 417 3016 qui
445 2953 615 3000 Graece
649 2951 835 3014 scripsit
872 2951 1128 3006 historiam,
1156 2951 1316 3014 plures
1351 2951 1416 2997 ait
1440 2950 1597 3005 fuisse,
1624 2949 1704 3012 qui
1727 2949 1774 2995 in
1798 2952 1952 2995 castra

336 3028 651 3082 revertissent,
674 3027 840 3073 eadem
865 3026 1047 3081 fraude,
1073 3032 1128 3072 ut
1148 3027 1255 3090 jure
1276 3025 1480 3089 jurando
1504 3025 1827 3079 liberarentur,
1848 3038 1949 3070 eos-
