2054 3470
762 243 902 272 LxssEu
927 243 957 272 1.
1030 243 1227 273 cAinn'.
1712 286 1715 297 Α
1780 234 1830 275 1]

151 367 200 398 se
234 350 575 404 accommodat,
603 351 795 413 paulum
819 350 1076 396 admodum
1103 350 1304 396 sentiens
1340 351 1630 413 praeteritum
1669 358 1752 398 aut

150 426 374 472 futurum.
445 426 602 471 Homo
654 430 828 480 autem,
866 424 994 487 quod
1044 425 1233 470 rationis
1270 431 1341 471 est
1382 425 1630 488 particeps,
1668 442 1753 489 per

149 517 290 563 quam
339 500 667 562 consequentia
709 500 865 554 cernit,
905 516 1072 546 causas
1119 516 1276 546 rerum
1316 501 1458 554 videt,
1497 516 1752 563 earumque

149 591 425 639 progressus
459 581 508 621 et
541 575 673 637 quasi
707 575 1048 622 antecessiones
1082 592 1173 620 non
1207 575 1406 638 ignorat,
1432 575 1751 622 similitudines

148 656 403 714 comparat,
430 650 665 712 rebusque
702 651 1015 713 praesentibus
1041 650 1259 713 adjungit
1283 656 1424 712 atque
1449 650 1655 697 adnectit
1680 651 1749 696 fu-

149 732 305 779 turas;
342 725 478 771 facile
504 725 647 770 totius
675 726 784 771 vitae
813 742 1000 771 cursum
1019 725 1159 779 videt,
1181 725 1241 770 ad
1268 741 1464 787 eamque
1485 725 1749 789 degendam

152 806 387 864 praeparat
423 816 498 845 res
531 800 829 846 necessarias.
900 801 1173 862 Eademque
1197 806 1364 846 natura
1388 801 1432 846 vi
1456 801 1644 847 rationis
1669 801 1749 847 ho-
1779 806 1800 846 «1

151 876 317 922 minem
353 875 566 922 conciliat
600 874 774 921 homini
809 881 856 921 et
891 875 952 921 ad
989 875 1207 921 orationis
1243 881 1290 921 et
1314 876 1375 922 ad
1410 876 1519 922 vitae
1558 876 1750 922 societa-

153 959 258 1006 tem,
284 951 618 1014 ingeneratque
650 949 695 996 in
733 950 894 1013 primis
931 951 1221 1013 praecipuum
1256 951 1508 1013 quemdam
1544 967 1752 998 amorem

151 1026 192 1073 in
227 1042 319 1080 eos,
347 1026 426 1088 qui
461 1026 694 1087 procreati
729 1031 853 1079 sunt,
890 1025 1197 1088 impellitque,
1234 1032 1288 1071 ut
1323 1026 1565 1072 hominum
1601 1033 1753 1073 coetus

149 1107 195 1147 et
231 1101 563 1148 celebrationes
599 1106 646 1146 et
671 1117 785 1155 esse,
813 1107 861 1147 et
886 1117 913 1146 a
937 1117 986 1147 se
1012 1101 1127 1148 obiri
1151 1101 1276 1155 velit,
1305 1102 1364 1148 ob
1390 1116 1562 1164 easque
1587 1118 1753 1148 causas

150 1176 335 1222 studeat
382 1190 547 1238 parare
589 1191 657 1229 ea,
696 1192 804 1237 quae
844 1175 1150 1238 suppeditent
1197 1182 1244 1222 et
1290 1176 1352 1221 ad
1388 1177 1567 1222 cultum
1605 1183 1652 1223 et
1692 1177 1752 1223 ad

153 1251 337 1303 victum,
376 1266 460 1295 nec
498 1249 583 1295 sibi
619 1250 716 1304 soli,
758 1250 841 1296 sed
877 1250 1082 1313 conjugi,
1120 1250 1288 1305 liberis,
1328 1251 1601 1313 ceterisque,
1634 1268 1752 1314 quos

148 1341 278 1375 caros
313 1325 486 1371 habeat
521 1324 735 1387 tuerique
771 1325 958 1373 debeat.
1031 1326 1150 1380 Quoe
1187 1342 1299 1371 cura
1334 1326 1589 1373 exsuscitat
1613 1327 1753 1373 etiam

153 1401 324 1447 animos
366 1406 413 1446 et
455 1400 656 1462 majores
691 1401 752 1446 ad
786 1416 897 1446 rem·
921 1401 1178 1464 gerendam
1214 1401 1339 1448 facit.
1411 1402 1466 1447 In
1502 1402 1754 1465 primisque
1781 1410 1806 1450 5

151 1475 344 1522 hominis
369 1480 439 1521 est
459 1475 648 1538 propria
666 1475 763 1521 veri
787 1475 1020 1538 inquisitio
1045 1482 1186 1539 atque
1206 1476 1514 1540 investigatio.
1586 1478 1754 1540 Itaque

149 1568 255 1597 cum
279 1566 440 1596 sumus
476 1550 745 1596 necessariis
780 1551 979 1614 negotiis
1015 1552 1231 1613 curisque
1256 1552 1404 1607 vacui,
1432 1558 1533 1599 tum
1566 1568 1754 1599 avemus

148 1626 319 1689 aliquid
344 1625 514 1680 videre,
543 1625 720 1680 audire,
748 1626 1020 1672 addiscere:
1061 1626 1468 1690 cognitionemque
1494 1644 1647 1674 rerum
1673 1638 1755 1674 aut

146 1702 436 1749 occultarum
458 1707 539 1747 aut
558 1701 899 1747 admirabilium
923 1702 984 1747 ad
1011 1702 1147 1749 beate
1172 1702 1422 1748 vivendum
1447 1703 1754 1749 necessariam

147 1777 375 1824 ducimus.
445 1777 518 1822 Ex
553 1793 646 1839 quo
694 1776 981 1841 intelligitur,
1025 1777 1154 1840 quod
1202 1793 1378 1832 verum,
1419 1777 1617 1840 simplex
1664 1778 1753 1823 sin-

148 1868 397 1914 cerumque
433 1851 505 1906 sit,
542 1851 590 1897 id
625 1868 728 1898 esse
775 1858 957 1899 naturae
1007 1852 1205 1898 hominis
1252 1852 1561 1914 aptissimum.
1632 1853 1754 1899 Huic
1782 1858 1807 1899 6

148 1927 244 1973 veri
266 1927 454 1973 videndi
479 1926 725 1989 cupiditati
759 1927 836 1990 adj
847 1933 988 1973 uncta
1013 1934 1085 1974 est
1109 1927 1337 1990 appetitio
1372 1928 1593 1990 quaedam
1630 1928 1753 1990 prin-

149 2002 343 2064 cipatus,
369 2008 423 2047 ut
457 2002 626 2048 nemini
662 2018 826 2064 parere
863 2002 1045 2048 animus
1083 2003 1202 2049 bene
1237 2003 1513 2048 informatus
1537 2019 1564 2048 a
1589 2010 1756 2049 natura

148 2077 273 2131 velit,
298 2076 384 2122 nisi
419 2076 720 2139 praecipienti,
747 2082 829 2123 aut
865 2076 1064 2132 docenti,
1094 2083 1178 2123 aut
1218 2077 1432 2124 utilitatis
1459 2093 1600 2123 causa
1628 2078 1756 2141 juste

149 2157 196 2198 ct
229 2151 433 2215 legitime
468 2151 742 2214 imperanti:
781 2168 839 2198 ex
874 2168 967 2214 quo
1004 2152 1281 2216 magnitudo
1316 2152 1455 2198 animi
1490 2152 1646 2199 existit
1670 2153 1755 2199 hu-

149 2242 484 2289 manarumque
524 2243 682 2272 rerum
725 2227 1022 2289 contemptio.
1093 2228 1196 2275 Nec
1237 2243 1348 2274 vero
1388 2227 1467 2274 illa
1508 2244 1654 2290 parva
1689 2228 1807 2275 vis7

149 2308 327 2347 naturae
362 2307 434 2347 est
464 2301 763 2364 rationisque,
804 2303 932 2365 quod
967 2319 1114 2348 unum
1148 2303 1237 2349 hoc
1264 2303 1435 2349 animal
1466 2304 1619 2359 sentit,
1646 2303 1757 2366 quid

150 2376 209 2423 sit
240 2376 370 2431 ordo,
397 2376 509 2439 quid
534 2376 606 2431 sit,
633 2377 762 2439 quod
795 2378 976 2433 deceat,
1003 2377 1047 2423 in
1072 2378 1207 2424 factis
1239 2378 1466 2441 dictisque
1492 2379 1571 2441 qui
1595 2379 1778 2425 modus.

151 2452 318 2514 Itaque
365 2467 527 2498 eorum
574 2451 797 2514 ipsorum,
847 2469 954 2515 quae
1004 2459 1203 2516 aspectu
1256 2454 1533 2508 sentiuntur,
1575 2454 1755 2499 nullum

150 2527 277 2572 aliud
328 2526 498 2573 animal
549 2527 962 2590 pulchritudinem,
1018 2534 1330 2582 venustatem,
1388 2529 1755 2575 convenientiam

152 2601 354 2664 partium
405 2601 556 2648 sentit.
629 2602 783 2658 Quam
830 2603 1177 2650 similitudinem
1208 2610 1394 2649 natura
1440 2603 1650 2666 ratioque
1698 2604 1757 2649 ab
1785 2608 1807 2649 8

151 2677 296 2722 oculis
332 2676 393 2722 ad
429 2677 633 2722 animum
667 2678 966 2732 transferens
1003 2679 1152 2725 multo
1189 2679 1330 2725 etiam
1365 2679 1515 2742 magis
1552 2678 1755 2741 pulchri·

154 2751 377 2805 tudinem,
404 2751 729 2807 constantiam,
756 2753 968 2800 ordinem
1003 2753 1049 2799 in
1085 2754 1283 2799 consiliis
1319 2754 1547 2816 factisque
1575 2769 1756 2800 conser-

152 2825 359 2871 vandum
395 2831 547 2888 putat,
576 2833 819 2889 cavetque,
847 2844 905 2874 ne
938 2828 1051 2890 quid
1087 2828 1304 2875 indecore
1341 2829 1666 2874 effeminateve
1690 2827 1755 2872 fa-

153 2900 270 2955 ciat3
306 2906 408 2946 tum
443 2900 489 2946 in
523 2901 736 2948 omnibus
771 2908 818 2949 et
853 2903 1146 2966 opinionibus
1181 2909 1228 2950 et
1263 2903 1413 2958 factis,
1439 2919 1496 2948 ne
1521 2901 1633 2964 quid
1657 2901 1757 2947 libi-

155 2974 314 3022 dinose
350 2982 431 3021 aut
466 2975 607 3021 faciat
645 2982 728 3022 aut
770 2978 959 3041 cogitet.
1031 2978 1214 3034 Quibus
1256 2993 1314 3023 ex
1354 2979 1494 3024 rebus
1530 2976 1759 3022 conflatur
1784 2981 1808 3023 9

155 3058 202 3095 et
248 3050 448 3096 efficitur
492 3050 554 3105 id,
590 3051 717 3114 quod
760 3052 1030 3114 quaerimus,
1068 3054 1347 3099 honestum:
1398 3052 1540 3113 quod,
1578 3051 1759 3097 etiamsi
