2054 3470
271 176 322 215 {8
953 186 1012 214 on
1051 185 1262 215 enricus

347 298 541 339 tendum
562 300 660 348 est3
700 310 859 339 verum
886 293 1086 339 alterum
1111 294 1381 340 exercitatio
1401 294 1609 357 augebit,
1631 294 1832 341 alterum
1856 295 1950 342 imi-

292 375 319 415 5
347 368 461 414 tatio
487 384 648 432 presse
673 368 965 430 loquentium
991 374 1038 414 et
1062 369 1239 415 leniter.
1310 369 1441 415 Nihil
1475 369 1566 415 fuit
1601 369 1646 415 in
1681 370 1875 427 Catulis,
1902 378 1951 418 ut

345 458 426 489 eos
452 444 681 505 exquisito
701 443 880 506 judicio
906 449 1100 506 putares
1125 444 1194 490 uti
1217 444 1491 499 litterarum,
1514 461 1799 507 quamquam
1823 454 1952 494 erant

344 517 550 573 litterati,
577 518 661 564 sed
698 524 746 565 et
780 519 882 564 alii:
921 518 969 564 hi
1003 524 1164 564 autem
1190 519 1366 582 optime
1391 520 1459 565 uti
1494 520 1655 583 lingua
1678 521 1844 566 Latina
1870 539 1952 585 pu-

293 597 318 638 6
348 594 581 640 tabantur.
643 593 798 640 Sonus
823 600 925 640 erat
951 594 1129 649 dulcis;
1167 595 1335 640 litterae
1360 611 1511 657 neque
1531 611 1781 658 expressae,
1803 613 1954 659 neque

344 684 599 731 oppressae,
626 685 685 715 ne
721 675 804 715 aut
836 670 1092 715 obscurum
1125 675 1263 724 esset,
1291 676 1374 716 aut
1409 671 1641 732 putidum.
1712 671 1821 717 Sine
1848 689 1947 718 con-

292 742 314 789 7
345 744 550 790 tentione
586 761 682 790 vox
716 761 802 791 nec
844 745 1089 808 languens5
1127 760 1213 791 nec
1250 760 1434 792 canora.
1506 745 1707 792 Uberior
1731 747 1876 793 oratio
1902 748 1938 792 L

345 818 515 874 Crassi,
559 836 644 866 nec
684 820 837 865 minus
875 820 1030 866 faceta
1052 835 1060 866 :
1114 820 1197 866 sed
1239 821 1359 866 bene
1401 821 1625 883 loquendi
1667 821 1726 868 de
1771 822 1954 868 Catulis

291 898 316 939 8
345 893 498 956 opinio
522 911 616 940 non
640 895 803 942 minor.
877 895 986 941 Sale
1012 911 1122 941 vero
1148 902 1196 941 et
1221 896 1398 941 facetiis
1426 896 1600 950 Caesar,
1629 896 1785 943 Catuli
1810 898 1954 962 patris

343 969 502 1024 frater,
540 970 651 1016 vicit
692 986 870 1024 omnes,
907 976 962 1016 ut
1003 970 1048 1016 in
1088 970 1168 1016 illo
1206 970 1309 1033 ipso
1350 971 1523 1017 forensi
1559 987 1734 1035 genere
1771 972 1954 1019 dicendi

288 1049 315 1090 9
343 1044 663 1091 contentiones
705 1045 902 1091 aliorum
938 1061 1154 1091 sermone
1178 1046 1398 1092 vinceret.
1471 1046 1527 1092 In
1562 1046 1777 1093 omnibus
1811 1047 1955 1111 igitur

341 1120 413 1166 his
440 1121 778 1167 elaborandum
804 1128 888 1176 est,
917 1121 954 1168 si
988 1121 1034 1167 in
1067 1122 1193 1168 omni
1218 1138 1281 1176 re,
1309 1122 1422 1184 quid
1448 1121 1627 1177 deceat,
1654 1122 1952 1185 exquirimus.

195 1238 197 1240 .
265 1201 315 1241 [O
343 1195 414 1241 Sit
439 1212 552 1260 ergo
577 1197 651 1243 hic
677 1213 845 1251 sermo,
872 1197 918 1242 in
944 1213 1038 1259 quo
1064 1196 1290 1243 Socratici
1326 1197 1526 1243 maxime
1561 1198 1813 1253 excellunt,
1840 1199 1954 1245 lenis

340 1271 623 1334 minimeque
649 1272 892 1334 pertinax:
930 1272 1038 1318 insit
1062 1272 1107 1318 in
1132 1288 1187 1318 eo
1212 1272 1357 1334 lepos
1430 1272 1533 1319 Nec
1559 1289 1684 1326 vero,
1712 1279 1954 1336 tamquam

262 1351 311 1391 ll
342 1346 388 1392 in
424 1347 770 1409 possessionem
803 1363 938 1393 suam
964 1347 1156 1401 venerit,
1185 1347 1405 1393 excludat
1429 1348 1573 1394 alios:
1611 1348 1693 1394 sed
1721 1365 1828 1395 cum
1852 1350 1954 1396 reli-

341 1421 445 1483 quis
470 1421 516 1467 in
540 1423 695 1477 rebus,
723 1428 827 1468 tum
863 1422 909 1468 in
941 1438 1157 1469 sermone
1194 1423 1443 1477 communi,
1471 1423 1838 1470 vicissitudinem
1862 1441 1954 1471 non

262 1501 314 1541 12
341 1497 548 1559 iniquam
575 1503 725 1560 putet.
785 1498 861 1544 Ac
887 1497 1046 1544 videat
1071 1498 1117 1544 in
1143 1497 1319 1561 primis,
1347 1498 1518 1560 quibus
1543 1498 1602 1544 de
1627 1499 1768 1545 rebus
1792 1499 1951 1563 loqua-

262 1576 315 1617 13
343 1578 450 1618 tur:
489 1572 527 1618 si
553 1573 696 1628 seriis,
724 1573 1022 1619 severitatem
1049 1573 1305 1628 adhibeat;
1343 1573 1380 1620 si
1399 1573 1588 1636 jocosiS,
1614 1573 1838 1637 leporem.
1898 1576 1954 1622 In

347 1648 600 1711 primisque
638 1648 900 1711 provideat,
927 1664 986 1694 ne
1011 1664 1164 1695 sermo
1189 1648 1354 1694 vitium
1378 1649 1569 1711 aliquod
1603 1649 1778 1697 indicet
1805 1650 1954 1697 inesse

342 1725 387 1770 in
422 1723 658 1770 moribus:
696 1723 827 1785 quod
862 1723 1066 1770 maxime
1101 1729 1205 1769 tum
1237 1724 1358 1770 solet
1383 1724 1581 1779 evenire,
1610 1741 1718 1771 cum
1744 1725 1953 1773 studiose

343 1799 402 1845 de
419 1798 695 1845 absentibus
713 1798 993 1845 detrahendi
1012 1814 1167 1852 causa,
1189 1804 1272 1845 aut
1291 1814 1376 1861 per
1391 1799 1654 1854 ridiculum,
1677 1806 1760 1846 aut
1778 1817 1952 1856 severe,

260 1879 315 1921 14
343 1873 570 1920 maledice
596 1873 1028 1936 contumelioseque
1048 1874 1233 1920 dicitur.
1294 1874 1547 1921 Habentur
1564 1881 1725 1922 autem
1749 1876 1952 1939 plerum-

341 1965 433 2011 que
470 1964 710 1994 sermones
743 1955 827 1994 aut
851 1949 910 1995 de
937 1948 1206 1995 domesticis
1242 1949 1454 2013 negotiis,
1481 1956 1564 1996 aut
1589 1950 1648 1996 de
1673 1967 1723 1997 re
1748 1952 1950 2014 publica,

259 2030 314 2071 15
341 2030 423 2070 aut
462 2023 521 2069 de
556 2023 728 2069 artium
763 2023 930 2070 studiis
966 2030 1109 2086 atque
1143 2024 1371 2071 doctrina.
1444 2025 1615 2071 Danda
1639 2026 1785 2090 igitur
1808 2043 1953 2090 opera

342 2106 428 2153 est,
454 2104 508 2144 ut
533 2098 673 2144 etiam
701 2098 738 2144 si
763 2100 984 2145 aberrare
1009 2099 1071 2144 ad
1107 2099 1197 2144 alia
1227 2099 1436 2162 coeperit,
1469 2100 1530 2146 ad
1569 2101 1672 2147 haec
1708 2109 1953 2149 revocetur

342 2173 517 2227 oratio;
555 2173 639 2218 sed
664 2179 904 2236 utcunque
930 2174 1159 2219 aderunt:
1197 2190 1349 2236 neque
1375 2175 1497 2220 enim
1521 2175 1686 2221 iisdem
1712 2176 1771 2223 de
1794 2179 1951 2232 rebus,

260 2254 315 2295 16
341 2264 427 2295 nec
452 2247 577 2294 omni
600 2254 829 2310 tempore,
850 2264 934 2294 nec
961 2248 1171 2294 similiter
1196 2249 1499 2295 delectamur.
1559 2250 1951 2298 Animadverten-

342 2323 458 2369 dum
483 2328 555 2368 est
580 2322 734 2377 etiam,
763 2328 996 2385 quatenus
1022 2339 1177 2369 sermo
1203 2323 1564 2369 delectationem
1596 2325 1784 2381 habeat,
1812 2333 1872 2381 et,
1901 2334 1952 2374 ut

341 2397 593 2461 incipiendi
617 2397 736 2445 ratio
761 2397 915 2452 suerit,
944 2398 1008 2443 ita
1033 2398 1092 2444 sit
1118 2398 1359 2444 desinendi
1385 2399 1569 2446 modus.

404 2548 683 2593 XXXVIII.
712 2547 808 2593 Sed
825 2548 1062 2610 quomodo
1078 2547 1123 2594 in
1141 2547 1264 2594 omni
1277 2548 1370 2594 vita
1386 2549 1640 2595 rectissime
1653 2551 1949 2615 praecipitur,

342 2630 395 2668 ut
420 2622 795 2684 perturbationes
830 2622 1082 2686 fugiamus,
1109 2622 1157 2668 id
1192 2629 1276 2678 est,
1303 2629 1460 2669 motus
1496 2624 1636 2671 animi
1674 2625 1853 2681 nimios,
1880 2644 1949 2672 ra·
2006 2686 2009 2690 ι

343 2697 455 2743 tioni
478 2713 571 2742 non
596 2697 977 2759 obtemperantes
997 2713 1007 2752 ;
1033 2697 1097 2743 sic
1123 2698 1224 2760 ejus
1249 2698 1377 2743 modi
1401 2698 1607 2745 motibus
1633 2716 1785 2747 sermo
1811 2702 1951 2748 debet

343 2787 523 2825 vacare,
550 2787 608 2816 ne
632 2777 715 2817 aut
739 2772 806 2817 ira
835 2772 1019 2826 existat,
1048 2778 1130 2818 aut
1165 2773 1398 2834 cupiditas
1434 2774 1604 2836 aliqua,
1630 2781 1714 2821 aut
1748 2777 1950 2839 pigritia,

288 2851 314 2891 2
342 2852 426 2892 aut
459 2845 655 2910 ignavia,
683 2854 765 2891 aut
799 2846 893 2892 tale
928 2847 1102 2909 aliquid
1137 2854 1378 2909 appareat.
1449 2847 1746 2912 Maximeque
1787 2867 1950 2900 curan·

342 2921 457 2967 dum
482 2926 566 2975 est,
593 2926 647 2966 ut
671 2936 764 2975 eos,
792 2921 1072 2984 quibuscum
1107 2937 1370 2968 sermonem
1396 2923 1705 2980 conferemus,
1732 2930 1780 2971 et
1803 2926 1948 2972 vereri

292 3000 318 3041 8
342 3001 389 3041 ct
413 2995 608 3058 diligere
633 2995 888 3043 videamur.
961 2996 1326 3060 Objurgationes
1354 2998 1495 3045 etiam
1525 3014 1859 3062 nonnunquam
1883 3000 1945 3047 in-
