<?xml version="1.0" encoding="UTF-8"?>
<!DOCTYPE html PUBLIC "-//W3C//DTD XHTML 1.0 Transitional//EN"
    "http://www.w3.org/TR/xhtml1/DTD/xhtml1-transitional.dtd">
<html xmlns="http://www.w3.org/1999/xhtml" xml:lang="en" lang="en">
 <head>
  <title>
</title>
<meta http-equiv="Content-Type" content="text/html;charset=utf-8" />
  <meta name='ocr-system' content='tesseract 3.04.00' />
  <meta name='ocr-capabilities' content='ocr_page ocr_carea ocr_par ocr_line ocrx_word'/>
</head>
<body>
  <div class='ocr_page' id='page_1' title='image "./mtulliiciceronis1850cice_0104.png"; bbox 0 0 2054 3470; ppageno 0'>
   <div class='ocr_carea' id='block_1_1' title="bbox 257 229 1254 273">
    <p class='ocr_par' dir='ltr' id='par_1_1' title="bbox 257 229 1254 273">
     <span class='ocr_line' id='line_1_1' title="bbox 257 229 1254 273; baseline -0.004 -3"><span class='ocrx_word' id='word_1_1' title='bbox 257 229 318 270; x_wconf 88' lang='grc'>90</span> <span class='ocrx_word' id='word_1_2' title='bbox 821 271 823 273; x_wconf 64' lang='grc'><em>,</em></span> <span class='ocrx_word' id='word_1_3' title='bbox 958 239 1018 268; x_wconf 76' lang='lat' dir='ltr'>nn</span> <span class='ocrx_word' id='word_1_4' title='bbox 1046 238 1186 268; x_wconf 69' lang='lat' dir='ltr'>ormo</span> <span class='ocrx_word' id='word_1_5' title='bbox 1197 239 1254 267; x_wconf 75' lang='lat' dir='ltr'>us</span> 
     </span>
    </p>
   </div>
   <div class='ocr_carea' id='block_1_2' title="bbox 291 342 1962 2889">
    <p class='ocr_par' dir='ltr' id='par_1_2' title="bbox 291 342 1962 2889">
     <span class='ocr_line' id='line_1_2' title="bbox 343 342 1943 408; baseline -0.002 -15"><span class='ocrx_word' id='word_1_6' title='bbox 343 346 630 408; x_wconf 78' lang='lat' dir='ltr'>laudentque</span> <span class='ocrx_word' id='word_1_7' title='bbox 667 362 735 400; x_wconf 79' lang='lat' dir='ltr'>ea,</span> <span class='ocrx_word' id='word_1_8' title='bbox 765 362 872 408; x_wconf 86' lang='lat' dir='ltr'>quae</span> <span class='ocrx_word' id='word_1_9' title='bbox 905 346 1144 392; x_wconf 82' lang='lat' dir='ltr'>laudanda</span> <span class='ocrx_word' id='word_1_10' title='bbox 1175 361 1267 391; x_wconf 90' lang='lat' dir='ltr'>non</span> <span class='ocrx_word' id='word_1_11' title='bbox 1294 344 1399 399; x_wconf 88' lang='lat' dir='ltr'>sint,</span> <span class='ocrx_word' id='word_1_12' title='bbox 1426 343 1486 390; x_wconf 89' lang='lat' dir='ltr'>ob</span> <span class='ocrx_word' id='word_1_13' title='bbox 1512 359 1629 397; x_wconf 79' lang='lat' dir='ltr'>eam,</span> <span class='ocrx_word' id='word_1_14' title='bbox 1658 342 1815 399; x_wconf 87' lang='lat' dir='ltr'>credo,</span> <span class='ocrx_word' id='word_1_15' title='bbox 1841 359 1943 391; x_wconf 76' lang='lat' dir='ltr'>cau·</span> 
     </span>
     <span class='ocr_line' id='line_1_3' title="bbox 343 417 1951 484; baseline -0.001 -16"><span class='ocrx_word' id='word_1_16' title='bbox 343 439 458 476; x_wconf 86' lang='lat' dir='ltr'>sam,</span> <span class='ocrx_word' id='word_1_17' title='bbox 486 421 611 484; x_wconf 90' lang='lat' dir='ltr'>quod</span> <span class='ocrx_word' id='word_1_18' title='bbox 639 421 747 467; x_wconf 85' lang='lat' dir='ltr'>insit</span> <span class='ocrx_word' id='word_1_19' title='bbox 770 421 817 466; x_wconf 89' lang='lat' dir='ltr'>in</span> <span class='ocrx_word' id='word_1_20' title='bbox 841 421 912 467; x_wconf 89' lang='lat' dir='ltr'>his</span> <span class='ocrx_word' id='word_1_21' title='bbox 937 421 1112 483; x_wconf 88' lang='lat' dir='ltr'>aliquid</span> <span class='ocrx_word' id='word_1_22' title='bbox 1137 420 1286 484; x_wconf 90' lang='lat' dir='ltr'>probi,</span> <span class='ocrx_word' id='word_1_23' title='bbox 1313 418 1441 482; x_wconf 91' lang='lat' dir='ltr'>quod</span> <span class='ocrx_word' id='word_1_24' title='bbox 1467 417 1622 482; x_wconf 86' lang='lat' dir='ltr'>capiat</span> <span class='ocrx_word' id='word_1_25' title='bbox 1645 417 1846 481; x_wconf 78' lang='lat' dir='ltr'>ignaros,</span> <span class='ocrx_word' id='word_1_26' title='bbox 1873 417 1951 481; x_wconf 83' lang='lat' dir='ltr'>qui</span> 
     </span>
     <span class='ocr_line' id='line_1_4' title="bbox 343 493 1952 560; baseline -0.002 -17"><span class='ocrx_word' id='word_1_27' title='bbox 343 497 548 560; x_wconf 89' lang='lat' dir='ltr'>quidem,</span> <span class='ocrx_word' id='word_1_28' title='bbox 597 496 710 558; x_wconf 89' lang='lat' dir='ltr'>quid</span> <span class='ocrx_word' id='word_1_29' title='bbox 757 496 804 542; x_wconf 90' lang='lat' dir='ltr'>in</span> <span class='ocrx_word' id='word_1_30' title='bbox 848 512 1134 558; x_wconf 87' lang='lat' dir='ltr'>unaquaque</span> <span class='ocrx_word' id='word_1_31' title='bbox 1179 512 1230 542; x_wconf 88' lang='lat' dir='ltr'>re</span> <span class='ocrx_word' id='word_1_32' title='bbox 1276 495 1374 541; x_wconf 89' lang='lat' dir='ltr'>vitii</span> <span class='ocrx_word' id='word_1_33' title='bbox 1421 494 1494 549; x_wconf 88' lang='lat' dir='ltr'>sit,</span> <span class='ocrx_word' id='word_1_34' title='bbox 1543 498 1780 555; x_wconf 83' lang='lat' dir='ltr'>nequeant</span> <span class='ocrx_word' id='word_1_35' title='bbox 1823 493 1952 556; x_wconf 89' lang='lat' dir='ltr'>judi·</span> 
     </span>
     <span class='ocr_line' id='line_1_5' title="bbox 345 569 1952 634; baseline 0 -16"><span class='ocrx_word' id='word_1_36' title='bbox 345 588 464 619; x_wconf 87' lang='lat' dir='ltr'>care.</span> <span class='ocrx_word' id='word_1_37' title='bbox 536 572 706 633; x_wconf 81' lang='lat' dir='ltr'>Itaque</span> <span class='ocrx_word' id='word_1_38' title='bbox 744 587 851 617; x_wconf 91' lang='lat' dir='ltr'>cum</span> <span class='ocrx_word' id='word_1_39' title='bbox 888 579 998 617; x_wconf 88' lang='lat' dir='ltr'>sunt</span> <span class='ocrx_word' id='word_1_40' title='bbox 1024 571 1152 617; x_wconf 89' lang='lat' dir='ltr'>docti</span> <span class='ocrx_word' id='word_1_41' title='bbox 1177 587 1204 617; x_wconf 90' lang='lat' dir='ltr'>a</span> <span class='ocrx_word' id='word_1_42' title='bbox 1229 570 1404 634; x_wconf 89' lang='lat' dir='ltr'>peritis,</span> <span class='ocrx_word' id='word_1_43' title='bbox 1432 569 1666 617; x_wconf 87' lang='lat' dir='ltr'>desistunt</span> <span class='ocrx_word' id='word_1_44' title='bbox 1690 571 1825 618; x_wconf 88' lang='lat' dir='ltr'>facile</span> <span class='ocrx_word' id='word_1_45' title='bbox 1850 588 1952 618; x_wconf 86' lang='lat' dir='ltr'>sen—</span> 
     </span>
     <span class='ocr_line' id='line_1_6' title="bbox 343 645 1951 710; baseline -0.001 -17"><span class='ocrx_word' id='word_1_46' title='bbox 343 647 501 693; x_wconf 85' lang='lat' dir='ltr'>tentia.</span> <span class='ocrx_word' id='word_1_47' title='bbox 573 647 660 693; x_wconf 86' lang='lat' dir='ltr'>IV.</span> <span class='ocrx_word' id='word_1_48' title='bbox 699 647 820 693; x_wconf 74' lang='lat' dir='ltr'>Haec</span> <span class='ocrx_word' id='word_1_49' title='bbox 854 646 999 710; x_wconf 79' lang='lat' dir='ltr'>igitur</span> <span class='ocrx_word' id='word_1_50' title='bbox 1034 646 1198 701; x_wconf 90' lang='lat' dir='ltr'>officia,</span> <span class='ocrx_word' id='word_1_51' title='bbox 1226 646 1285 692; x_wconf 91' lang='lat' dir='ltr'>de</span> <span class='ocrx_word' id='word_1_52' title='bbox 1310 645 1481 708; x_wconf 90' lang='lat' dir='ltr'>quibus</span> <span class='ocrx_word' id='word_1_53' title='bbox 1513 645 1586 691; x_wconf 90' lang='lat' dir='ltr'>his</span> <span class='ocrx_word' id='word_1_54' title='bbox 1618 646 1745 693; x_wconf 85' lang='lat' dir='ltr'>libris</span> <span class='ocrx_word' id='word_1_55' title='bbox 1771 646 1951 692; x_wconf 83' lang='lat' dir='ltr'>disseri-</span> 
     </span>
     <span class='ocr_line' id='line_1_7' title="bbox 343 721 1952 785; baseline -0.002 -16"><span class='ocrx_word' id='word_1_56' title='bbox 343 739 463 778; x_wconf 85' lang='lat' dir='ltr'>mus,</span> <span class='ocrx_word' id='word_1_57' title='bbox 484 722 617 785; x_wconf 83' lang='lat' dir='ltr'>quasi</span> <span class='ocrx_word' id='word_1_58' title='bbox 636 721 843 768; x_wconf 89' lang='lat' dir='ltr'>secunda</span> <span class='ocrx_word' id='word_1_59' title='bbox 862 722 1082 784; x_wconf 79' lang='lat' dir='ltr'>quaedam</span> <span class='ocrx_word' id='word_1_60' title='bbox 1108 722 1307 767; x_wconf 87' lang='lat' dir='ltr'>honesta</span> <span class='ocrx_word' id='word_1_61' title='bbox 1331 737 1433 768; x_wconf 90' lang='lat' dir='ltr'>esse</span> <span class='ocrx_word' id='word_1_62' title='bbox 1452 721 1631 775; x_wconf 86' lang='lat' dir='ltr'>dicunt,</span> <span class='ocrx_word' id='word_1_63' title='bbox 1656 737 1749 767; x_wconf 93' lang='lat' dir='ltr'>non</span> <span class='ocrx_word' id='word_1_64' title='bbox 1774 721 1952 784; x_wconf 88' lang='lat' dir='ltr'>sapien-</span> 
     </span>
     <span class='ocr_line' id='line_1_8' title="bbox 344 795 1949 860; baseline 0 -16"><span class='ocrx_word' id='word_1_65' title='bbox 344 798 460 844; x_wconf 87' lang='lat' dir='ltr'>tium</span> <span class='ocrx_word' id='word_1_66' title='bbox 479 797 621 843; x_wconf 88' lang='lat' dir='ltr'>modo</span> <span class='ocrx_word' id='word_1_67' title='bbox 638 797 839 860; x_wconf 86' lang='lat' dir='ltr'>propria,</span> <span class='ocrx_word' id='word_1_68' title='bbox 858 796 941 843; x_wconf 87' lang='lat' dir='ltr'>sed</span> <span class='ocrx_word' id='word_1_69' title='bbox 961 813 1068 843; x_wconf 90' lang='lat' dir='ltr'>cum</span> <span class='ocrx_word' id='word_1_70' title='bbox 1085 795 1209 842; x_wconf 89' lang='lat' dir='ltr'>omni</span> <span class='ocrx_word' id='word_1_71' title='bbox 1226 796 1468 842; x_wconf 88' lang='lat' dir='ltr'>hominum</span> <span class='ocrx_word' id='word_1_72' title='bbox 1485 812 1655 859; x_wconf 81' lang='lat' dir='ltr'>genere</span> <span class='ocrx_word' id='word_1_73' title='bbox 1673 796 1949 844; x_wconf 81' lang='lat' dir='ltr'>communia.</span> 
     </span>
     <span class='ocr_line' id='line_1_9' title="bbox 345 870 1954 936; baseline -0.001 -18"><span class='ocrx_word' id='word_1_74' title='bbox 345 873 516 936; x_wconf 85' lang='lat' dir='ltr'>Itaque</span> <span class='ocrx_word' id='word_1_75' title='bbox 549 872 620 918; x_wconf 88' lang='lat' dir='ltr'>his</span> <span class='ocrx_word' id='word_1_76' title='bbox 646 888 822 926; x_wconf 89' lang='lat' dir='ltr'>omnes,</span> <span class='ocrx_word' id='word_1_77' title='bbox 847 871 893 918; x_wconf 90' lang='lat' dir='ltr'>in</span> <span class='ocrx_word' id='word_1_78' title='bbox 918 871 1090 933; x_wconf 89' lang='lat' dir='ltr'>quibus</span> <span class='ocrx_word' id='word_1_79' title='bbox 1126 877 1197 917; x_wconf 89' lang='lat' dir='ltr'>est</span> <span class='ocrx_word' id='word_1_80' title='bbox 1220 870 1405 917; x_wconf 85' lang='lat' dir='ltr'>virtutis</span> <span class='ocrx_word' id='word_1_81' title='bbox 1441 871 1634 925; x_wconf 84' lang='lat' dir='ltr'>indoles,</span> <span class='ocrx_word' id='word_1_82' title='bbox 1661 887 1954 918; x_wconf 74' lang='lat' dir='ltr'>commoven-</span> 
     </span>
     <span class='ocr_line' id='line_1_10' title="bbox 291 945 1956 1008; baseline -0.002 -13"><span class='ocrx_word' id='word_1_83' title='bbox 291 953 318 995; x_wconf 79' lang='lat'>2</span> <span class='ocrx_word' id='word_1_84' title='bbox 345 957 436 995; x_wconf 84' lang='lat' dir='ltr'>tur.</span> <span class='ocrx_word' id='word_1_85' title='bbox 507 948 609 994; x_wconf 89' lang='lat' dir='ltr'>Nec</span> <span class='ocrx_word' id='word_1_86' title='bbox 636 964 745 994; x_wconf 90' lang='lat' dir='ltr'>vero</span> <span class='ocrx_word' id='word_1_87' title='bbox 782 963 890 994; x_wconf 92' lang='lat' dir='ltr'>cum</span> <span class='ocrx_word' id='word_1_88' title='bbox 915 947 1011 993; x_wconf 90' lang='lat' dir='ltr'>duo</span> <span class='ocrx_word' id='word_1_89' title='bbox 1036 946 1170 992; x_wconf 82' lang='lat' dir='ltr'>Decii</span> <span class='ocrx_word' id='word_1_90' title='bbox 1201 951 1284 992; x_wconf 89' lang='lat' dir='ltr'>aut</span> <span class='ocrx_word' id='word_1_91' title='bbox 1308 945 1404 992; x_wconf 93' lang='lat' dir='ltr'>duo</span> <span class='ocrx_word' id='word_1_92' title='bbox 1429 945 1671 1008; x_wconf 79' lang='lat' dir='ltr'>Scipiones</span> <span class='ocrx_word' id='word_1_93' title='bbox 1702 946 1848 992; x_wconf 87' lang='lat' dir='ltr'>fortes</span> <span class='ocrx_word' id='word_1_94' title='bbox 1872 946 1956 992; x_wconf 86' lang='lat' dir='ltr'>viri</span> 
     </span>
     <span class='ocr_line' id='line_1_11' title="bbox 346 1021 1954 1084; baseline -0.001 -15"><span class='ocrx_word' id='word_1_95' title='bbox 346 1028 786 1076; x_wconf 80' lang='lat' dir='ltr'>commemorantur,</span> <span class='ocrx_word' id='word_1_96' title='bbox 813 1028 896 1068; x_wconf 89' lang='lat' dir='ltr'>aut</span> <span class='ocrx_word' id='word_1_97' title='bbox 932 1038 1039 1068; x_wconf 90' lang='lat' dir='ltr'>cum</span> <span class='ocrx_word' id='word_1_98' title='bbox 1064 1021 1304 1068; x_wconf 83' lang='lat' dir='ltr'>Fabricius</span> <span class='ocrx_word' id='word_1_99' title='bbox 1330 1026 1413 1067; x_wconf 88' lang='lat' dir='ltr'>aut</span> <span class='ocrx_word' id='word_1_100' title='bbox 1437 1021 1671 1067; x_wconf 79' lang='lat' dir='ltr'>Aristides</span> <span class='ocrx_word' id='word_1_101' title='bbox 1692 1021 1851 1084; x_wconf 86' lang='lat' dir='ltr'>justus</span> <span class='ocrx_word' id='word_1_102' title='bbox 1874 1038 1954 1068; x_wconf 93' lang='lat' dir='ltr'>no-</span> 
     </span>
     <span class='ocr_line' id='line_1_12' title="bbox 323 1096 1955 1166; baseline -0.001 -22"><span class='ocrx_word' id='word_1_103' title='bbox 323 1098 562 1166; x_wconf 56' lang='lat' dir='ltr'>·minatur,</span> <span class='ocrx_word' id='word_1_104' title='bbox 588 1103 671 1144; x_wconf 89' lang='lat' dir='ltr'>aut</span> <span class='ocrx_word' id='word_1_105' title='bbox 706 1098 767 1145; x_wconf 86' lang='lat' dir='ltr'>ab</span> <span class='ocrx_word' id='word_1_106' title='bbox 801 1097 890 1143; x_wconf 90' lang='lat' dir='ltr'>illis</span> <span class='ocrx_word' id='word_1_107' title='bbox 930 1097 1229 1151; x_wconf 86' lang='lat' dir='ltr'>fortitudinis,</span> <span class='ocrx_word' id='word_1_108' title='bbox 1257 1102 1341 1143; x_wconf 89' lang='lat' dir='ltr'>aut</span> <span class='ocrx_word' id='word_1_109' title='bbox 1375 1097 1437 1143; x_wconf 93' lang='lat' dir='ltr'>ab</span> <span class='ocrx_word' id='word_1_110' title='bbox 1474 1096 1546 1143; x_wconf 90' lang='lat' dir='ltr'>his</span> <span class='ocrx_word' id='word_1_111' title='bbox 1577 1096 1803 1160; x_wconf 82' lang='lat' dir='ltr'>justitiae,</span> <span class='ocrx_word' id='word_1_112' title='bbox 1836 1102 1955 1143; x_wconf 89' lang='lat' dir='ltr'>tam-</span> 
     </span>
     <span class='ocr_line' id='line_1_13' title="bbox 293 1172 1956 1237; baseline -0.001 -17"><span class='ocrx_word' id='word_1_113' title='bbox 293 1181 320 1221; x_wconf 82' lang='lat'><strong>3</strong></span> <span class='ocrx_word' id='word_1_114' title='bbox 347 1190 490 1237; x_wconf 85' lang='lat' dir='ltr'>quam</span> <span class='ocrx_word' id='word_1_115' title='bbox 516 1189 543 1219; x_wconf 87' lang='lat' dir='ltr'>a</span> <span class='ocrx_word' id='word_1_116' title='bbox 568 1173 794 1236; x_wconf 81' lang='lat' dir='ltr'>sapiente,</span> <span class='ocrx_word' id='word_1_117' title='bbox 822 1173 999 1236; x_wconf 89' lang='lat' dir='ltr'>petitur</span> <span class='ocrx_word' id='word_1_118' title='bbox 1023 1172 1308 1235; x_wconf 85' lang='lat' dir='ltr'>exemplum.</span> <span class='ocrx_word' id='word_1_119' title='bbox 1369 1173 1525 1219; x_wconf 89' lang='lat' dir='ltr'>Nemo</span> <span class='ocrx_word' id='word_1_120' title='bbox 1551 1173 1673 1219; x_wconf 90' lang='lat' dir='ltr'>enim</span> <span class='ocrx_word' id='word_1_121' title='bbox 1697 1173 1867 1219; x_wconf 89' lang='lat' dir='ltr'>horum</span> <span class='ocrx_word' id='word_1_122' title='bbox 1893 1173 1956 1219; x_wconf 88' lang='lat' dir='ltr'>sic</span> 
     </span>
     <span class='ocr_line' id='line_1_14' title="bbox 346 1248 1958 1312; baseline -0.001 -16"><span class='ocrx_word' id='word_1_123' title='bbox 346 1249 546 1312; x_wconf 81' lang='lat' dir='ltr'>sapiens,</span> <span class='ocrx_word' id='word_1_124' title='bbox 565 1255 618 1295; x_wconf 91' lang='lat' dir='ltr'>ut</span> <span class='ocrx_word' id='word_1_125' title='bbox 641 1249 901 1311; x_wconf 76' lang='lat' dir='ltr'>sapientem</span> <span class='ocrx_word' id='word_1_126' title='bbox 921 1248 1137 1295; x_wconf 87' lang='lat' dir='ltr'>volumus</span> <span class='ocrx_word' id='word_1_127' title='bbox 1173 1248 1369 1311; x_wconf 79' lang='lat' dir='ltr'>intelligi</span> <span class='ocrx_word' id='word_1_128' title='bbox 1390 1264 1400 1301; x_wconf 90' lang='lat'>;</span> <span class='ocrx_word' id='word_1_129' title='bbox 1437 1264 1523 1294; x_wconf 91' lang='lat' dir='ltr'>nec</span> <span class='ocrx_word' id='word_1_130' title='bbox 1548 1248 1590 1302; x_wconf 89' lang='lat' dir='ltr'>ii,</span> <span class='ocrx_word' id='word_1_131' title='bbox 1619 1248 1700 1311; x_wconf 93' lang='lat' dir='ltr'>qui</span> <span class='ocrx_word' id='word_1_132' title='bbox 1724 1248 1958 1311; x_wconf 88' lang='lat' dir='ltr'>sapientes</span> 
     </span>
     <span class='ocr_line' id='line_1_15' title="bbox 346 1323 1958 1386; baseline -0.001 -15"><span class='ocrx_word' id='word_1_133' title='bbox 346 1324 495 1371; x_wconf 89' lang='lat' dir='ltr'>habiti</span> <span class='ocrx_word' id='word_1_134' title='bbox 520 1330 566 1370; x_wconf 92' lang='lat' dir='ltr'>et</span> <span class='ocrx_word' id='word_1_135' title='bbox 592 1323 829 1379; x_wconf 88' lang='lat' dir='ltr'>nominati,</span> <span class='ocrx_word' id='word_1_136' title='bbox 858 1324 922 1371; x_wconf 92' lang='lat' dir='ltr'>M.</span> <span class='ocrx_word' id='word_1_137' title='bbox 954 1324 1076 1370; x_wconf 87' lang='lat' dir='ltr'>Cato</span> <span class='ocrx_word' id='word_1_138' title='bbox 1101 1329 1149 1370; x_wconf 86' lang='lat' dir='ltr'>et</span> <span class='ocrx_word' id='word_1_139' title='bbox 1183 1324 1236 1370; x_wconf 83' lang='lat' dir='ltr'>O.</span> <span class='ocrx_word' id='word_1_140' title='bbox 1264 1323 1450 1377; x_wconf 84' lang='lat' dir='ltr'>Laelius‚</span> <span class='ocrx_word' id='word_1_141' title='bbox 1478 1323 1715 1386; x_wconf 89' lang='lat' dir='ltr'>sapientes</span> <span class='ocrx_word' id='word_1_142' title='bbox 1739 1324 1958 1378; x_wconf 87' lang='lat' dir='ltr'>fuerunt;</span> 
     </span>
     <span class='ocr_line' id='line_1_16' title="bbox 346 1398 1957 1462; baseline -0.001 -16"><span class='ocrx_word' id='word_1_143' title='bbox 346 1416 404 1446; x_wconf 93' lang='lat' dir='ltr'>ne</span> <span class='ocrx_word' id='word_1_144' title='bbox 429 1400 492 1446; x_wconf 91' lang='lat' dir='ltr'>illi</span> <span class='ocrx_word' id='word_1_145' title='bbox 511 1399 701 1462; x_wconf 85' lang='lat' dir='ltr'>quidem</span> <span class='ocrx_word' id='word_1_146' title='bbox 728 1405 912 1461; x_wconf 82' lang='lat' dir='ltr'>septem</span> <span class='ocrx_word' id='word_1_147' title='bbox 934 1415 943 1445; x_wconf 88' lang='lat'>:</span> <span class='ocrx_word' id='word_1_148' title='bbox 982 1399 1065 1445; x_wconf 91' lang='lat' dir='ltr'>sed</span> <span class='ocrx_word' id='word_1_149' title='bbox 1091 1415 1149 1444; x_wconf 84' lang='lat' dir='ltr'>cx</span> <span class='ocrx_word' id='word_1_150' title='bbox 1173 1399 1434 1445; x_wconf 88' lang='lat' dir='ltr'>mediorum</span> <span class='ocrx_word' id='word_1_151' title='bbox 1460 1398 1718 1445; x_wconf 89' lang='lat' dir='ltr'>officiorum</span> <span class='ocrx_word' id='word_1_152' title='bbox 1743 1399 1957 1461; x_wconf 88' lang='lat' dir='ltr'>frequen-</span> 
     </span>
     <span class='ocr_line' id='line_1_17' title="bbox 294 1474 1941 1538; baseline -0.001 -16"><span class='ocrx_word' id='word_1_153' title='bbox 294 1481 321 1522; x_wconf 87' lang='grc'>4</span> <span class='ocrx_word' id='word_1_154' title='bbox 349 1476 412 1522; x_wconf 86' lang='lat' dir='ltr'>tia</span> <span class='ocrx_word' id='word_1_155' title='bbox 436 1474 784 1521; x_wconf 88' lang='lat' dir='ltr'>similitudinem</span> <span class='ocrx_word' id='word_1_156' title='bbox 809 1474 1046 1536; x_wconf 85' lang='lat' dir='ltr'>quandam</span> <span class='ocrx_word' id='word_1_157' title='bbox 1084 1475 1313 1538; x_wconf 79' lang='lat' dir='ltr'>gerebant</span> <span class='ocrx_word' id='word_1_158' title='bbox 1339 1474 1638 1537; x_wconf 82' lang='lat' dir='ltr'>speciemque</span> <span class='ocrx_word' id='word_1_159' title='bbox 1662 1474 1941 1537; x_wconf 85' lang='lat' dir='ltr'>sapientium</span> 
     </span>
     <span class='ocr_line' id='line_1_18' title="bbox 349 1550 1938 1612; baseline 0 -16"><span class='ocrx_word' id='word_1_160' title='bbox 349 1550 579 1607; x_wconf 78' lang='lat' dir='ltr'>Quocirca</span> <span class='ocrx_word' id='word_1_161' title='bbox 613 1566 699 1596; x_wconf 91' lang='lat' dir='ltr'>nec</span> <span class='ocrx_word' id='word_1_162' title='bbox 735 1550 796 1603; x_wconf 90' lang='lat' dir='ltr'>id,</span> <span class='ocrx_word' id='word_1_163' title='bbox 824 1550 953 1612; x_wconf 85' lang='lat' dir='ltr'>quod</span> <span class='ocrx_word' id='word_1_164' title='bbox 979 1566 1087 1596; x_wconf 88' lang='lat' dir='ltr'>vere</span> <span class='ocrx_word' id='word_1_165' title='bbox 1122 1551 1371 1596; x_wconf 87' lang='lat' dir='ltr'>honestum</span> <span class='ocrx_word' id='word_1_166' title='bbox 1398 1555 1483 1604; x_wconf 90' lang='lat' dir='ltr'>est,</span> <span class='ocrx_word' id='word_1_167' title='bbox 1510 1551 1580 1596; x_wconf 89' lang='lat' dir='ltr'>fas</span> <span class='ocrx_word' id='word_1_168' title='bbox 1607 1556 1680 1596; x_wconf 90' lang='lat' dir='ltr'>est</span> <span class='ocrx_word' id='word_1_169' title='bbox 1706 1566 1813 1596; x_wconf 92' lang='lat' dir='ltr'>cum</span> <span class='ocrx_word' id='word_1_170' title='bbox 1838 1550 1938 1596; x_wconf 79' lang='lat' dir='ltr'>utili</span> 
     </span>
     <span class='ocr_line' id='line_1_19' title="bbox 348 1625 1959 1689; baseline 0 -17"><span class='ocrx_word' id='word_1_171' title='bbox 348 1626 457 1672; x_wconf 81' lang='lat' dir='ltr'>tatis</span> <span class='ocrx_word' id='word_1_172' title='bbox 477 1625 788 1689; x_wconf 78' lang='lat' dir='ltr'>repugnantia</span> <span class='ocrx_word' id='word_1_173' title='bbox 808 1625 1068 1687; x_wconf 80' lang='lat' dir='ltr'>comparari</span> <span class='ocrx_word' id='word_1_174' title='bbox 1086 1641 1095 1671; x_wconf 88' lang='lat'>:</span> <span class='ocrx_word' id='word_1_175' title='bbox 1132 1641 1218 1670; x_wconf 91' lang='lat' dir='ltr'>nec</span> <span class='ocrx_word' id='word_1_176' title='bbox 1238 1625 1301 1679; x_wconf 89' lang='lat' dir='ltr'>id,</span> <span class='ocrx_word' id='word_1_177' title='bbox 1323 1625 1450 1687; x_wconf 88' lang='lat' dir='ltr'>quod</span> <span class='ocrx_word' id='word_1_178' title='bbox 1472 1625 1781 1671; x_wconf 89' lang='lat' dir='ltr'>communiter</span> <span class='ocrx_word' id='word_1_179' title='bbox 1798 1625 1959 1688; x_wconf 87' lang='lat' dir='ltr'>appel-</span> 
     </span>
     <span class='ocr_line' id='line_1_20' title="bbox 348 1700 1959 1762; baseline -0.001 -15"><span class='ocrx_word' id='word_1_180' title='bbox 348 1702 501 1748; x_wconf 83' lang='lat' dir='ltr'>lamus</span> <span class='ocrx_word' id='word_1_181' title='bbox 537 1702 804 1755; x_wconf 84' lang='lat' dir='ltr'>honestum,</span> <span class='ocrx_word' id='word_1_182' title='bbox 832 1700 959 1762; x_wconf 91' lang='lat' dir='ltr'>quod</span> <span class='ocrx_word' id='word_1_183' title='bbox 997 1700 1164 1747; x_wconf 87' lang='lat' dir='ltr'>colitur</span> <span class='ocrx_word' id='word_1_184' title='bbox 1193 1701 1254 1747; x_wconf 87' lang='lat' dir='ltr'>ab</span> <span class='ocrx_word' id='word_1_185' title='bbox 1279 1700 1345 1754; x_wconf 91' lang='lat' dir='ltr'>iis,</span> <span class='ocrx_word' id='word_1_186' title='bbox 1374 1700 1453 1762; x_wconf 90' lang='lat' dir='ltr'>qui</span> <span class='ocrx_word' id='word_1_187' title='bbox 1486 1701 1632 1747; x_wconf 87' lang='lat' dir='ltr'>bonos</span> <span class='ocrx_word' id='word_1_188' title='bbox 1658 1716 1708 1747; x_wconf 92' lang='lat' dir='ltr'>se</span> <span class='ocrx_word' id='word_1_189' title='bbox 1733 1700 1855 1747; x_wconf 86' lang='lat' dir='ltr'>viros</span> <span class='ocrx_word' id='word_1_190' title='bbox 1879 1701 1959 1746; x_wconf 88' lang='lat' dir='ltr'>ha-</span> 
     </span>
     <span class='ocr_line' id='line_1_21' title="bbox 350 1775 1958 1838; baseline -0.001 -15"><span class='ocrx_word' id='word_1_191' title='bbox 350 1777 448 1824; x_wconf 86' lang='lat' dir='ltr'>beri</span> <span class='ocrx_word' id='word_1_192' title='bbox 483 1777 660 1831; x_wconf 85' lang='lat' dir='ltr'>volunt,</span> <span class='ocrx_word' id='word_1_193' title='bbox 700 1793 806 1822; x_wconf 91' lang='lat' dir='ltr'>cum</span> <span class='ocrx_word' id='word_1_194' title='bbox 847 1775 1174 1822; x_wconf 86' lang='lat' dir='ltr'>emolumentis</span> <span class='ocrx_word' id='word_1_195' title='bbox 1213 1791 1423 1837; x_wconf 88' lang='lat' dir='ltr'>unquam</span> <span class='ocrx_word' id='word_1_196' title='bbox 1463 1781 1535 1822; x_wconf 88' lang='lat' dir='ltr'>est</span> <span class='ocrx_word' id='word_1_197' title='bbox 1573 1776 1958 1838; x_wconf 82' lang='lat' dir='ltr'>comparandum.</span> 
     </span>
     <span class='ocr_line' id='line_1_22' title="bbox 296 1850 1959 1914; baseline -0.002 -14"><span class='ocrx_word' id='word_1_198' title='bbox 296 1860 322 1900; x_wconf 87' lang='grc'><em>5</em></span> <span class='ocrx_word' id='word_1_199' title='bbox 350 1853 558 1914; x_wconf 87' lang='lat' dir='ltr'>Tamque</span> <span class='ocrx_word' id='word_1_200' title='bbox 593 1851 641 1897; x_wconf 84' lang='lat' dir='ltr'>id</span> <span class='ocrx_word' id='word_1_201' title='bbox 676 1852 943 1905; x_wconf 83' lang='lat' dir='ltr'>honestum,</span> <span class='ocrx_word' id='word_1_202' title='bbox 971 1850 1099 1913; x_wconf 88' lang='lat' dir='ltr'>quod</span> <span class='ocrx_word' id='word_1_203' title='bbox 1132 1850 1178 1896; x_wconf 87' lang='lat' dir='ltr'>in</span> <span class='ocrx_word' id='word_1_204' title='bbox 1202 1857 1413 1896; x_wconf 88' lang='lat' dir='ltr'>nostram</span> <span class='ocrx_word' id='word_1_205' title='bbox 1437 1850 1794 1914; x_wconf 77' lang='lat' dir='ltr'>intelligentiam</span> <span class='ocrx_word' id='word_1_206' title='bbox 1820 1850 1959 1904; x_wconf 87' lang='lat' dir='ltr'>cadit,</span> 
     </span>
     <span class='ocr_line' id='line_1_23' title="bbox 349 1925 1960 1988; baseline -0.001 -15"><span class='ocrx_word' id='word_1_207' title='bbox 349 1927 578 1973; x_wconf 90' lang='lat' dir='ltr'>tuendum</span> <span class='ocrx_word' id='word_1_208' title='bbox 604 1926 1070 1988; x_wconf 85' lang='lat' dir='ltr'>conservandumque</span> <span class='ocrx_word' id='word_1_209' title='bbox 1095 1926 1228 1972; x_wconf 92' lang='lat' dir='ltr'>nobis</span> <span class='ocrx_word' id='word_1_210' title='bbox 1254 1931 1338 1981; x_wconf 88' lang='lat' dir='ltr'>est,</span> <span class='ocrx_word' id='word_1_211' title='bbox 1366 1942 1510 1988; x_wconf 90' lang='lat' dir='ltr'>quam</span> <span class='ocrx_word' id='word_1_212' title='bbox 1534 1925 1664 1981; x_wconf 92' lang='lat' dir='ltr'>illud,</span> <span class='ocrx_word' id='word_1_213' title='bbox 1692 1925 1820 1987; x_wconf 91' lang='lat' dir='ltr'>quod</span> <span class='ocrx_word' id='word_1_214' title='bbox 1854 1942 1960 1988; x_wconf 88' lang='lat' dir='ltr'>pro-</span> 
     </span>
     <span class='ocr_line' id='line_1_24' title="bbox 297 2000 1961 2066; baseline -0.002 -16"><span class='ocrx_word' id='word_1_215' title='bbox 297 2008 324 2050; x_wconf 84' lang='lat'>6</span> <span class='ocrx_word' id='word_1_216' title='bbox 352 2002 451 2066; x_wconf 85' lang='lat' dir='ltr'>prie</span> <span class='ocrx_word' id='word_1_217' title='bbox 476 2002 646 2048; x_wconf 88' lang='lat' dir='ltr'>dicitur</span> <span class='ocrx_word' id='word_1_218' title='bbox 683 2017 885 2064; x_wconf 86' lang='lat' dir='ltr'>vereque</span> <span class='ocrx_word' id='word_1_219' title='bbox 911 2008 982 2047; x_wconf 88' lang='lat' dir='ltr'>est</span> <span class='ocrx_word' id='word_1_220' title='bbox 1006 2002 1273 2055; x_wconf 90' lang='lat' dir='ltr'>honestum,</span> <span class='ocrx_word' id='word_1_221' title='bbox 1296 2001 1599 2064; x_wconf 87' lang='lat' dir='ltr'>sapientibus.</span> <span class='ocrx_word' id='word_1_222' title='bbox 1658 2001 1816 2047; x_wconf 89' lang='lat' dir='ltr'>Aliter</span> <span class='ocrx_word' id='word_1_223' title='bbox 1840 2000 1961 2048; x_wconf 91' lang='lat' dir='ltr'>enim</span> 
     </span>
     <span class='ocr_line' id='line_1_25' title="bbox 350 2075 1958 2140; baseline -0.001 -17"><span class='ocrx_word' id='word_1_224' title='bbox 350 2077 498 2123; x_wconf 88' lang='lat' dir='ltr'>teneri</span> <span class='ocrx_word' id='word_1_225' title='bbox 534 2094 628 2123; x_wconf 90' lang='lat' dir='ltr'>non</span> <span class='ocrx_word' id='word_1_226' title='bbox 663 2082 833 2139; x_wconf 89' lang='lat' dir='ltr'>potest,</span> <span class='ocrx_word' id='word_1_227' title='bbox 862 2076 1017 2139; x_wconf 80' lang='lat' dir='ltr'>siqua</span> <span class='ocrx_word' id='word_1_228' title='bbox 1052 2077 1113 2122; x_wconf 87' lang='lat' dir='ltr'>ad</span> <span class='ocrx_word' id='word_1_229' title='bbox 1145 2077 1369 2123; x_wconf 88' lang='lat' dir='ltr'>virtutem</span> <span class='ocrx_word' id='word_1_230' title='bbox 1405 2082 1478 2123; x_wconf 89' lang='lat' dir='ltr'>est</span> <span class='ocrx_word' id='word_1_231' title='bbox 1511 2077 1639 2122; x_wconf 86' lang='lat' dir='ltr'>facta</span> <span class='ocrx_word' id='word_1_232' title='bbox 1676 2075 1958 2140; x_wconf 83' lang='lat' dir='ltr'>progressio.</span> 
     </span>
     <span class='ocr_line' id='line_1_26' title="bbox 353 2150 1960 2214; baseline -0.002 -15"><span class='ocrx_word' id='word_1_233' title='bbox 353 2152 450 2199; x_wconf 82' lang='lat' dir='ltr'>Sed</span> <span class='ocrx_word' id='word_1_234' title='bbox 485 2153 587 2198; x_wconf 82' lang='lat' dir='ltr'>haec</span> <span class='ocrx_word' id='word_1_235' title='bbox 617 2152 807 2214; x_wconf 90' lang='lat' dir='ltr'>quidem</span> <span class='ocrx_word' id='word_1_236' title='bbox 841 2151 900 2198; x_wconf 94' lang='lat' dir='ltr'>de</span> <span class='ocrx_word' id='word_1_237' title='bbox 936 2152 1003 2206; x_wconf 88' lang='lat' dir='ltr'>iis,</span> <span class='ocrx_word' id='word_1_238' title='bbox 1043 2152 1123 2213; x_wconf 89' lang='lat' dir='ltr'>qui</span> <span class='ocrx_word' id='word_1_239' title='bbox 1156 2152 1506 2199; x_wconf 87' lang='lat' dir='ltr'>conservatione</span> <span class='ocrx_word' id='word_1_240' title='bbox 1550 2152 1809 2198; x_wconf 91' lang='lat' dir='ltr'>officiorum</span> <span class='ocrx_word' id='word_1_241' title='bbox 1843 2150 1960 2197; x_wconf 83' lang='lat' dir='ltr'>exis-</span> 
     </span>
     <span class='ocr_line' id='line_1_27' title="bbox 299 2226 1961 2282; baseline -0.002 -7"><span class='ocrx_word' id='word_1_242' title='bbox 299 2229 324 2275; x_wconf 88' lang='lat'>¹7</span> <span class='ocrx_word' id='word_1_243' title='bbox 352 2228 577 2274; x_wconf 86' lang='lat' dir='ltr'>timantur</span> <span class='ocrx_word' id='word_1_244' title='bbox 602 2227 724 2274; x_wconf 87' lang='lat' dir='ltr'>boni.</span> <span class='ocrx_word' id='word_1_245' title='bbox 796 2227 887 2282; x_wconf 80' lang='lat' dir='ltr'>Qui</span> <span class='ocrx_word' id='word_1_246' title='bbox 911 2234 1070 2272; x_wconf 87' lang='lat' dir='ltr'>autem</span> <span class='ocrx_word' id='word_1_247' title='bbox 1095 2227 1251 2273; x_wconf 90' lang='lat' dir='ltr'>omnia</span> <span class='ocrx_word' id='word_1_248' title='bbox 1275 2227 1534 2273; x_wconf 86' lang='lat' dir='ltr'>metiuntur</span> <span class='ocrx_word' id='word_1_249' title='bbox 1558 2226 1888 2273; x_wconf 87' lang='lat' dir='ltr'>emolumentis</span> <span class='ocrx_word' id='word_1_250' title='bbox 1913 2232 1961 2272; x_wconf 90' lang='lat' dir='ltr'>et</span> 
     </span>
     <span class='ocr_line' id='line_1_28' title="bbox 352 2301 1962 2364; baseline -0.002 -15"><span class='ocrx_word' id='word_1_251' title='bbox 352 2302 624 2357; x_wconf 80' lang='lat' dir='ltr'>commodiS,</span> <span class='ocrx_word' id='word_1_252' title='bbox 650 2318 801 2364; x_wconf 88' lang='lat' dir='ltr'>neque</span> <span class='ocrx_word' id='word_1_253' title='bbox 827 2318 882 2347; x_wconf 86' lang='lat' dir='ltr'>ca</span> <span class='ocrx_word' id='word_1_254' title='bbox 905 2302 1068 2348; x_wconf 87' lang='lat' dir='ltr'>volunt</span> <span class='ocrx_word' id='word_1_255' title='bbox 1093 2301 1445 2364; x_wconf 78' lang='lat' dir='ltr'>praeponderari</span> <span class='ocrx_word' id='word_1_256' title='bbox 1469 2302 1730 2356; x_wconf 90' lang='lat' dir='ltr'>honestate,</span> <span class='ocrx_word' id='word_1_257' title='bbox 1757 2301 1787 2347; x_wconf 91' lang='lat' dir='ltr'>ii</span> <span class='ocrx_word' id='word_1_258' title='bbox 1811 2301 1962 2348; x_wconf 88' lang='lat' dir='ltr'>solent</span> 
     </span>
     <span class='ocr_line' id='line_1_29' title="bbox 352 2367 1960 2439; baseline -0.002 -15"><span class='ocrx_word' id='word_1_259' title='bbox 352 2379 398 2424; x_wconf 88' lang='lat' dir='ltr'>in</span> <span class='ocrx_word' id='word_1_260' title='bbox 423 2377 728 2424; x_wconf 81' lang='lat' dir='ltr'>deliberando</span> <span class='ocrx_word' id='word_1_261' title='bbox 761 2377 1012 2423; x_wconf 89' lang='lat' dir='ltr'>honestum</span> <span class='ocrx_word' id='word_1_262' title='bbox 1039 2393 1147 2423; x_wconf 90' lang='lat' dir='ltr'>cum</span> <span class='ocrx_word' id='word_1_263' title='bbox 1172 2392 1240 2430; x_wconf 90' lang='lat' dir='ltr'>eo,</span> <span class='ocrx_word' id='word_1_264' title='bbox 1268 2367 1396 2438; x_wconf 72' lang='lat' dir='ltr'>quod</span> <span class='ocrx_word' id='word_1_265' title='bbox 1421 2376 1535 2422; x_wconf 89' lang='lat' dir='ltr'>utile</span> <span class='ocrx_word' id='word_1_266' title='bbox 1562 2382 1744 2438; x_wconf 88' lang='lat' dir='ltr'>putant,</span> <span class='ocrx_word' id='word_1_267' title='bbox 1772 2392 1960 2439; x_wconf 84' lang='lat' dir='ltr'>compa·</span> 
     </span>
     <span class='ocr_line' id='line_1_30' title="bbox 301 2450 1960 2514; baseline -0.003 -13"><span class='ocrx_word' id='word_1_268' title='bbox 301 2459 328 2501; x_wconf 87' lang='lat'>8</span> <span class='ocrx_word' id='word_1_269' title='bbox 353 2468 482 2500; x_wconf 90' lang='lat' dir='ltr'>rare:</span> <span class='ocrx_word' id='word_1_270' title='bbox 520 2453 629 2500; x_wconf 87' lang='lat' dir='ltr'>boni</span> <span class='ocrx_word' id='word_1_271' title='bbox 654 2452 735 2498; x_wconf 87' lang='lat' dir='ltr'>viri</span> <span class='ocrx_word' id='word_1_272' title='bbox 759 2469 852 2498; x_wconf 91' lang='lat' dir='ltr'>non</span> <span class='ocrx_word' id='word_1_273' title='bbox 876 2451 1040 2498; x_wconf 88' lang='lat' dir='ltr'>solent.</span> <span class='ocrx_word' id='word_1_274' title='bbox 1100 2452 1268 2514; x_wconf 88' lang='lat' dir='ltr'>Itaque</span> <span class='ocrx_word' id='word_1_275' title='bbox 1293 2451 1520 2506; x_wconf 81' lang='lat' dir='ltr'>existimo,</span> <span class='ocrx_word' id='word_1_276' title='bbox 1547 2450 1826 2506; x_wconf 77' lang='lat' dir='ltr'>Panaetium,</span> <span class='ocrx_word' id='word_1_277' title='bbox 1853 2467 1960 2497; x_wconf 88' lang='lat' dir='ltr'>cum</span> 
     </span>
     <span class='ocr_line' id='line_1_31' title="bbox 354 2525 1960 2589; baseline -0.002 -14"><span class='ocrx_word' id='word_1_278' title='bbox 354 2528 536 2582; x_wconf 72' lang='lat' dir='ltr'>dixerit,</span> <span class='ocrx_word' id='word_1_279' title='bbox 569 2528 781 2574; x_wconf 89' lang='lat' dir='ltr'>homines</span> <span class='ocrx_word' id='word_1_280' title='bbox 823 2527 972 2574; x_wconf 90' lang='lat' dir='ltr'>solere</span> <span class='ocrx_word' id='word_1_281' title='bbox 1010 2527 1056 2573; x_wconf 90' lang='lat' dir='ltr'>in</span> <span class='ocrx_word' id='word_1_282' title='bbox 1093 2526 1182 2572; x_wconf 87' lang='lat' dir='ltr'>hac</span> <span class='ocrx_word' id='word_1_283' title='bbox 1217 2525 1565 2589; x_wconf 87' lang='lat' dir='ltr'>comparatione</span> <span class='ocrx_word' id='word_1_284' title='bbox 1601 2525 1834 2580; x_wconf 90' lang='lat' dir='ltr'>dubitare,</span> <span class='ocrx_word' id='word_1_285' title='bbox 1870 2526 1960 2572; x_wconf 88' lang='lat' dir='ltr'>hoc</span> 
     </span>
     <span class='ocr_line' id='line_1_32' title="bbox 354 2600 1961 2667; baseline -0.002 -18"><span class='ocrx_word' id='word_1_286' title='bbox 354 2604 511 2667; x_wconf 91' lang='lat' dir='ltr'>ipsum</span> <span class='ocrx_word' id='word_1_287' title='bbox 537 2603 747 2657; x_wconf 89' lang='lat' dir='ltr'>sensisse,</span> <span class='ocrx_word' id='word_1_288' title='bbox 776 2603 903 2665; x_wconf 92' lang='lat' dir='ltr'>quod</span> <span class='ocrx_word' id='word_1_289' title='bbox 930 2602 1110 2656; x_wconf 81' lang='lat' dir='ltr'>dixerit,</span> <span class='ocrx_word' id='word_1_290' title='bbox 1146 2602 1294 2648; x_wconf 91' lang='lat' dir='ltr'>solere</span> <span class='ocrx_word' id='word_1_291' title='bbox 1332 2600 1488 2655; x_wconf 91' lang='lat' dir='ltr'>mod0‚</span> <span class='ocrx_word' id='word_1_292' title='bbox 1514 2616 1609 2646; x_wconf 90' lang='lat' dir='ltr'>non</span> <span class='ocrx_word' id='word_1_293' title='bbox 1643 2600 1784 2646; x_wconf 80' lang='lat' dir='ltr'>etiam</span> <span class='ocrx_word' id='word_1_294' title='bbox 1824 2616 1961 2663; x_wconf 89' lang='lat' dir='ltr'>opor·</span> 
     </span>
     <span class='ocr_line' id='line_1_33' title="bbox 302 2675 1959 2739; baseline -0.003 -13"><span class='ocrx_word' id='word_1_295' title='bbox 302 2684 329 2726; x_wconf 86' lang='lat'>9</span> <span class='ocrx_word' id='word_1_296' title='bbox 355 2685 466 2725; x_wconf 84' lang='lat' dir='ltr'>tere.</span> <span class='ocrx_word' id='word_1_297' title='bbox 536 2678 723 2724; x_wconf 90' lang='lat' dir='ltr'>Etenim</span> <span class='ocrx_word' id='word_1_298' title='bbox 757 2694 850 2724; x_wconf 87' lang='lat' dir='ltr'>non</span> <span class='ocrx_word' id='word_1_299' title='bbox 885 2677 1030 2724; x_wconf 92' lang='lat' dir='ltr'>modo</span> <span class='ocrx_word' id='word_1_300' title='bbox 1064 2676 1210 2739; x_wconf 87' lang='lat' dir='ltr'>pluris</span> <span class='ocrx_word' id='word_1_301' title='bbox 1244 2681 1412 2739; x_wconf 87' lang='lat' dir='ltr'>putare</span> <span class='ocrx_word' id='word_1_302' title='bbox 1437 2675 1566 2738; x_wconf 91' lang='lat' dir='ltr'>quod</span> <span class='ocrx_word' id='word_1_303' title='bbox 1591 2675 1706 2722; x_wconf 81' lang='lat' dir='ltr'>utile</span> <span class='ocrx_word' id='word_1_304' title='bbox 1731 2675 1959 2729; x_wconf 87' lang='lat' dir='ltr'>videatur,</span> 
     </span>
     <span class='ocr_line' id='line_1_34' title="bbox 354 2751 1962 2815; baseline -0.001 -17"><span class='ocrx_word' id='word_1_305' title='bbox 354 2769 498 2815; x_wconf 85' lang='lat' dir='ltr'>quam</span> <span class='ocrx_word' id='word_1_306' title='bbox 522 2753 648 2814; x_wconf 88' lang='lat' dir='ltr'>quod</span> <span class='ocrx_word' id='word_1_307' title='bbox 684 2753 952 2806; x_wconf 89' lang='lat' dir='ltr'>honestum,</span> <span class='ocrx_word' id='word_1_308' title='bbox 979 2752 1062 2798; x_wconf 90' lang='lat' dir='ltr'>sed</span> <span class='ocrx_word' id='word_1_309' title='bbox 1098 2752 1200 2797; x_wconf 80' lang='lat' dir='ltr'>haec</span> <span class='ocrx_word' id='word_1_310' title='bbox 1234 2751 1374 2796; x_wconf 87' lang='lat' dir='ltr'>etiam</span> <span class='ocrx_word' id='word_1_311' title='bbox 1400 2751 1518 2796; x_wconf 86' lang='lat' dir='ltr'>inter</span> <span class='ocrx_word' id='word_1_312' title='bbox 1542 2766 1591 2796; x_wconf 92' lang='lat' dir='ltr'>se</span> <span class='ocrx_word' id='word_1_313' title='bbox 1617 2765 1890 2814; x_wconf 83' lang='lat' dir='ltr'>comparare</span> <span class='ocrx_word' id='word_1_314' title='bbox 1915 2755 1962 2796; x_wconf 91' lang='lat' dir='ltr'>et</span> 
     </span>
     <span class='ocr_line' id='line_1_35' title="bbox 356 2826 1279 2889; baseline -0.001 -16"><span class='ocrx_word' id='word_1_315' title='bbox 356 2827 402 2873; x_wconf 88' lang='lat' dir='ltr'>in</span> <span class='ocrx_word' id='word_1_316' title='bbox 425 2827 497 2873; x_wconf 87' lang='lat' dir='ltr'>his</span> <span class='ocrx_word' id='word_1_317' title='bbox 523 2827 817 2881; x_wconf 81' lang='lat' dir='ltr'>addubitare,</span> <span class='ocrx_word' id='word_1_318' title='bbox 846 2826 1168 2889; x_wconf 85' lang='lat' dir='ltr'>turpissimum</span> <span class='ocrx_word' id='word_1_319' title='bbox 1194 2831 1279 2872; x_wconf 86' lang='lat' dir='ltr'>est.</span> 
     </span>
    </p>
   </div>
   <div class='ocr_carea' id='block_1_3' title="bbox 279 2964 1961 3103">
    <p class='ocr_par' dir='ltr' id='par_1_3' title="bbox 279 2964 1961 3103">
     <span class='ocr_line' id='line_1_36' title="bbox 279 2964 1961 3028; baseline -0.002 -15"><span class='ocrx_word' id='word_1_320' title='bbox 279 2972 332 3014; x_wconf 77' lang='lat'>10</span> <span class='ocrx_word' id='word_1_321' title='bbox 425 2967 550 3023; x_wconf 82' lang='lat' dir='ltr'>Quid</span> <span class='ocrx_word' id='word_1_322' title='bbox 592 2983 706 3028; x_wconf 78' lang='lat' dir='ltr'>ergo</span> <span class='ocrx_word' id='word_1_323' title='bbox 743 2973 828 3020; x_wconf 85' lang='lat' dir='ltr'>est,</span> <span class='ocrx_word' id='word_1_324' title='bbox 869 2966 996 3028; x_wconf 89' lang='lat' dir='ltr'>quod</span> <span class='ocrx_word' id='word_1_325' title='bbox 1039 2982 1375 3027; x_wconf 87' lang='lat' dir='ltr'>nonnunquam</span> <span class='ocrx_word' id='word_1_326' title='bbox 1418 2964 1757 3011; x_wconf 86' lang='lat' dir='ltr'>dubitationem</span> <span class='ocrx_word' id='word_1_327' title='bbox 1797 2964 1961 3010; x_wconf 71' lang='lat' dir='ltr'>afferre</span> 
     </span>
     <span class='ocr_line' id='line_1_37' title="bbox 358 3037 1955 3103; baseline 0 -19"><span class='ocrx_word' id='word_1_328' title='bbox 358 3043 507 3087; x_wconf 68' lang='lat' dir='ltr'>soleat</span> <span class='ocrx_word' id='word_1_329' title='bbox 533 3042 1016 3103; x_wconf 80' lang='lat' dir='ltr'>considerandumque</span> <span class='ocrx_word' id='word_1_330' title='bbox 1038 3040 1253 3086; x_wconf 87' lang='lat' dir='ltr'>videatur</span> <span class='ocrx_word' id='word_1_331' title='bbox 1269 3041 1290 3086; x_wconf 83' lang='lat'>‘?</span> <span class='ocrx_word' id='word_1_332' title='bbox 1352 3040 1524 3094; x_wconf 87' lang='lat' dir='ltr'>Credo,</span> <span class='ocrx_word' id='word_1_333' title='bbox 1552 3039 1588 3086; x_wconf 89' lang='lat' dir='ltr'>si</span> <span class='ocrx_word' id='word_1_334' title='bbox 1613 3039 1802 3100; x_wconf 84' lang='lat' dir='ltr'>quando</span> <span class='ocrx_word' id='word_1_335' title='bbox 1827 3037 1955 3085; x_wconf 84' lang='lat' dir='ltr'>dubi—</span> 
     </span>
    </p>
   </div>
  </div>
 </body>
</html>
