2054 3470
282 228 369 269 116
828 265 830 267 .
970 238 1031 268 DE
1059 238 1267 268 ormons

356 346 605 410 exposuit:
643 346 922 392 sententiam
956 361 1015 392 ne
1047 345 1236 400 diceret,
1264 344 1528 399 recusavit;
1565 359 1708 406 quam
1744 343 1826 390 diu
1856 341 1964 406 jure

303 429 330 469 3
353 422 557 487 jurando
581 420 787 467 hostium
818 426 1071 477 teneretur,
1096 436 1190 468 non
1225 436 1326 467 esse
1363 436 1412 466 se
1448 425 1728 466 senatorem.
1798 417 1963 484 Atque

357 497 472 545 illud
498 497 638 543 etiam
666 494 714 560 (o
738 496 937 543 stultum
961 496 1212 551 hominem,
1240 495 1407 542 dixerit
1432 494 1679 557 quispiam,
1706 498 1754 540 et
1787 509 1961 557 repug—

356 578 546 620 nantem
560 572 749 618 utilitati
767 588 865 619 suae
889 570 918 636 1)
955 571 1091 618 reddi
1109 572 1333 635 captivos,
1355 570 1545 635 negavit
1563 582 1665 616 esse
1683 569 1825 617 utile:
1860 569 1964 617 illos

357 649 479 696 enim
514 648 841 694 adolescentes
877 663 979 694 esse
1015 653 1062 693 et
1096 648 1245 694 bonos
1285 647 1445 701 duceS‚
1472 662 1522 692 se
1556 646 1657 709 jam
1696 645 1964 691 confectum

304 731 329 772 4
358 729 613 771 senectute.
686 723 838 784 Cujus
874 739 982 768 cuin
1019 722 1241 769 valuisset
1277 721 1546 776 auctoritas,
1587 720 1760 784 captivi
1794 720 1964 767 retenti

357 806 479 854 sunt,
517 799 617 862 ipse
658 797 1006 861 Karthaginem
1046 797 1218 843 rediit:
1253 812 1405 859 neque
1442 812 1551 843 eum
1590 796 1760 843 caritas
1799 794 1967 858 patriae

303 883 328 922 ὅ
356 874 558 930 retinuit,
584 889 669 920 nee
695 889 901 919 suorum.
974 872 1144 934 Neque
1162 887 1272 918 vero
1292 877 1393 918 tum
1413 871 1676 934 ignorabat,
1703 886 1753 918 se
1776 870 1839 916 ad
1863 886 1965 916 cru·

357 948 645 996 delissimum
669 949 857 994 hostem
881 952 929 994 et
963 947 1025 993 ad
1050 947 1281 1010 exquisita
1316 946 1548 1010 supplicia
1583 945 1844 1010 proficisci:
1882 945 1966 992 sed

304 1030 329 1071 6
353 1026 430 1088 jus
452 1023 708 1087 jurandum
734 1022 1109 1069 conservandum
1144 1023 1358 1085 putabat.
1430 1022 1599 1084 Itaque
1623 1027 1742 1076 tum,
1769 1037 1878 1068 cum
1906 1021 1967 1066 vi-

356 1099 546 1164 gilando
569 1099 841 1153 necabatur,
869 1109 970 1144 erat
988 1098 1035 1144 in
1058 1097 1247 1143 meliore
1268 1113 1424 1152 eausa,
1447 1113 1590 1161 quam
1614 1096 1651 1143 si
1677 1095 1803 1143 domi
1828 1112 1969 1142 senex

305 1177 328 1224 7
357 1175 585 1238 captivus,
612 1174 830 1237 perjurus
856 1173 1109 1220 consularis
1134 1172 1446 1220 remansisset.
1506 1172 1578 1218 At
1597 1171 1755 1227 stulte,
1776 1171 1854 1234 qui
1878 1186 1970 1217 non

357 1250 501 1297 modo
525 1266 618 1295 non
643 1249 874 1295 censuerit
899 1248 1109 1311 captivos
1145 1248 1471 1303 remittendos,
1498 1263 1663 1293 verum
1700 1246 1842 1293 etiam
1877 1246 1969 1292 dis-

305 1333 331 1374 8
358 1325 567 1373 suaserit.
642 1324 890 1381 Quomodo
926 1324 1113 1370 stulte?
1150 1323 1352 1370 etiamne
1389 1323 1426 1369 si
1461 1322 1529 1368 rei
1565 1321 1768 1385 publicae
1795 1321 1970 1368 condu-

359 1401 534 1448 cebat?
570 1401 736 1446 Potest
751 1406 924 1453 autem,
943 1399 1072 1461 quod
1093 1398 1253 1444 inutile
1278 1397 1342 1444 rei
1359 1397 1563 1461 publicae
1587 1397 1659 1452 sit,
1679 1396 1727 1442 id
1754 1396 1971 1459 cuiquam

360 1476 446 1523 civi
469 1475 582 1522 utile
608 1491 710 1521 esse
731 1476 751 1521 ἱ)
822 1475 1056 1521 XXVIII.
1095 1474 1379 1520 Pervertunt
1404 1472 1616 1519 homines
1636 1487 1708 1528 ea,
1731 1488 1838 1535 quae
1862 1478 1973 1518 sunt

359 1551 665 1598 fundamenta
695 1556 894 1605 naturae,
922 1566 1029 1595 cum
1054 1549 1304 1595 utilitatem
1331 1548 1391 1594 ab
1416 1548 1662 1594 honestate
1700 1548 1973 1610 sejungunt.

361 1627 537 1674 Omnes
574 1626 697 1672 enim
723 1625 987 1688 expetimus
1024 1625 1289 1679 utilitatem,
1317 1623 1375 1669 ad
1404 1639 1601 1685 eamque
1636 1622 1863 1686 rapimur,
1888 1637 1973 1667 nec

309 1710 334 1750 2
362 1704 516 1749 facere
541 1702 675 1747 aliter
700 1701 795 1747 ullo
821 1700 963 1747 modo
988 1716 1254 1763 possumus.
1328 1698 1454 1744 Nam
1481 1698 1584 1760 quis
1621 1703 1708 1752 est,
1736 1697 1816 1760 qui
1842 1697 1976 1743 utilia

361 1777 554 1841 fugiat?
591 1782 674 1822 aut
700 1776 804 1838 quis
830 1776 1000 1839 potiuS,
1031 1774 1111 1837 qui
1144 1790 1199 1820 ea
1223 1790 1316 1819 non
1352 1772 1693 1819 studiosissime
1719 1787 1975 1835 persequa-

310 1859 335 1900 3
362 1852 480 1898 tur?
552 1850 648 1898 Sed
676 1851 783 1913 quia
817 1866 1051 1912 nusquam
1088 1865 1355 1911 possumus.
1393 1847 1479 1894 nisi
1516 1847 1564 1893 in
1599 1847 1756 1902 laude,
1785 1847 1974 1902 decore,

362 1927 611 1973 honestate
639 1925 772 1972 utilia
795 1925 1014 1988 reperire,
1043 1929 1298 1986 propterea
1322 1923 1400 1969 illa
1425 1922 1576 1985 prima
1611 1928 1659 1968 et
1683 1937 1871 1968 summa
1894 1921 1977 1967 ha-

364 2003 563 2057 bemus;
599 2000 812 2047 utilitatis
847 2016 1016 2046 nomen
1052 2015 1144 2045 non
1180 2004 1278 2044 tam
1316 1997 1615 2061 splendidum
1641 2013 1784 2060 quam
1819 2013 1977 2044 neces-

366 2077 542 2123 sarium
567 2076 799 2122 ducimus.

315 2157 340 2198 4
433 2151 558 2208 Quid
599 2156 671 2197 est
710 2151 868 2214 igitur,
895 2150 1062 2196 dixerit
1100 2149 1218 2211 quis,
1259 2148 1302 2193 in
1338 2148 1470 2210 jure
1514 2146 1808 2210 jurando?
1849 2146 1978 2193 Num

365 2225 533 2273 iratum
553 2226 771 2272 timemus
787 2226 989 2272 Jovem?
1027 2225 1097 2270 At
1113 2225 1203 2271 hoc
1221 2223 1410 2285 quidem
1427 2238 1671 2268 commune
1688 2228 1759 2268 est
1775 2221 1981 2268 omnium

368 2301 771 2364 philosophorum,
812 2316 905 2345 non
943 2315 1106 2345 eorum.
1147 2298 1305 2351 modo,
1349 2297 1428 2359 qui
1470 2297 1613 2342 deum
1653 2297 1766 2343 nihil
1806 2297 1981 2343 habere

368 2376 524 2439 ipsum
559 2375 734 2439 negotii
758 2375 934 2429 dicunt,
959 2373 1072 2419 nihil
1097 2372 1318 2419 exhibere
1344 2371 1490 2425 alteri,
1519 2371 1602 2417 sed
1638 2387 1801 2417 eorum
1826 2371 1981 2424 etiam,

368 2451 449 2514 qui
485 2450 628 2497 deum
664 2466 853 2514 semper
893 2465 1035 2513 agere
1070 2447 1246 2510 aliquid
1282 2452 1330 2492 et
1365 2446 1517 2492 moliri
1541 2445 1717 2501 volunt,
1743 2462 1980 2509 nunquam
2049 2450 2054 2454 ”

318 2533 343 2575 5
369 2541 455 2572 nec
474 2525 608 2572 irasci
626 2525 784 2580 deum,
805 2540 890 2571 nec
911 2539 1092 2570 nocere.
1149 2521 1273 2578 Quid
1292 2526 1452 2567 autem
1470 2521 1616 2567 iratus
1634 2521 1665 2568 J
1669 2521 1858 2584 uppiter
1877 2521 1983 2584 plus

370 2616 539 2647 nocere
559 2600 804 2664 potuisset,
823 2616 965 2662 quam
981 2597 1141 2645 nocuit
1160 2597 1246 2644 sibi
1264 2596 1363 2659 ipse
1384 2595 1598 2660 Regulus
1619 2597 1640 2643 ‘.7
1679 2596 1825 2642 Nulla
1843 2596 1978 2659 igitur

320 2680 346 2723 ss
374 2674 441 2721 vis
475 2675 564 2721 fuit
601 2675 850 2738 religionis,
878 2690 983 2736 quae
1018 2678 1203 2719 tantam
1244 2671 1495 2717 utilitatem
1531 2676 1834 2733 perverteret.
1903 2670 1981 2717 An

373 2764 432 2795 ne
455 2749 656 2812 turpiter
679 2749 894 2796 faceret?
952 2748 1182 2801 Primum,
1199 2745 1389 2791 minima
1408 2745 1467 2791 de
1486 2746 1633 2793 malis,
1692 2745 1823 2793 Num
1841 2745 1983 2808 igitur

377 2828 559 2869 tantum
583 2824 695 2870 mali
717 2823 964 2886 turpitudo
989 2823 1077 2869 ista
1101 2822 1322 2876 habebat,
1350 2827 1577 2884 quantum
1604 2821 1679 2868 ille
1705 2820 1940 2869 cruciatus
1960 2820 1981 2868 ’ἶ

325 2898 347 2947 7
380 2897 563 2945 Deinde
587 2898 704 2945 illud
729 2899 869 2944 etiam
894 2897 1023 2960 apud
1049 2896 1252 2950 Attium,

1090 2970 1339 3031 Freyistin'
1356 2970 1544 3032 fidem?

553 3049 617 3113 N
611 3065 718 3112 eque
741 3049 858 3103 dedi,
885 3063 1026 3108 neque
1050 3047 1108 3092 do
1132 3047 1312 3108 infideli
1343 3047 1576 3107 cuiquam,
