2054 3470
640 271 782 300 unm:
810 270 878 300 111.
952 271 1059 301 oin).
1093 271 1168 302 xx.
1659 263 1748 305 109

61 396 267 443 uuquam
302 377 596 425 consulatum
620 377 856 424 videretur
875 393 885 432 ;
923 378 978 434 Q.
1013 378 1272 435 Metellum,
1304 380 1439 442 cujus
1475 381 1660 444 legatus

61 460 172 509 erat,
200 469 437 500 summum
459 453 610 498 virum
647 459 694 498 et
730 452 892 506 civem,
921 469 1027 498 cum
1053 453 1112 499 ab
1138 469 1206 508 eo,
1241 454 1524 516 imperatore
1560 472 1659 510 suo,

62 529 262 577 Romam
296 528 465 574 missus
502 533 638 581 esset,
666 526 795 589 apud
831 522 1063 588 populu'm
1097 528 1362 574 Romanum
1395 529 1662 576 criminatus

59 610 144 659 est,
182 604 358 650 bellum
395 602 528 648 illum
564 602 765 647 ducere:
815 601 852 647 si
894 618 943 647 se
986 603 1226 648 consulem
1261 604 1493 659 fecissent,
1533 605 1662 651 brevi

59 685 285 742 tempore,
312 683 394 723 aut
418 677 590 730 vivum,
618 682 700 722 aut
731 682 969 723 mortuum
994 677 1285 740 ,Iugurtham
1310 694 1359 724 se
1384 679 1430 724 in
1455 686 1661 741 potesta-

59 768 153 801 tem
180 752 341 815 populi
375 751 574 796 Romani
598 750 833 797 daturum.
904 752 1076 813 Itaque
1100 752 1252 798 factus
1278 758 1349 799 est
1373 753 1449 799 ille
1473 754 1662 816 quidem
1691 761 1713 800 2

60 828 235 882 consul,
263 827 346 873 sed
371 842 398 871 a
422 826 514 871 fide
544 825 816 888 justitiaque
842 825 1066 880 discessit,
1093 826 1173 889 qui
1209 828 1439 889 optimum
1475 835 1521 875 et
1555 845 1661 892 gra-

61 903 300 949 vissimum
334 901 497 957 civem,
524 901 658 963 cujus
693 901 894 963 legatus,
920 907 967 947 et
999 917 1026 946 a
1050 917 1143 963 quo
1168 902 1337 948 missus
1362 908 1499 957 esset,
1526 903 1572 948 in
1596 903 1660 948 in-

62 978 230 1024 vidiam
254 977 372 1023 falso
397 976 583 1022 crimine
607 975 868 1023 adduxerit.
929 977 1003 1022 Ne
1028 983 1187 1023 noster
1211 978 1399 1040 quidem
1428 978 1658 1024 Gratidia-
1686 984 1712 1024 3

59 1069 145 1098 nus
170 1052 318 1098 officio
342 1051 451 1098 boni
475 1050 557 1096 viri
580 1050 769 1096 functus
797 1057 868 1096 est
902 1056 1018 1105 tum,
1048 1068 1155 1098 cum
1190 1058 1369 1114 praetor
1403 1058 1540 1107 esset,
1568 1053 1660 1100 col-

59 1127 327 1190 legiumque
353 1131 610 1188 praetorum
635 1125 806 1171 tribuni
836 1126 961 1187 plebi
986 1127 1322 1182 adhibuissent,
1351 1133 1403 1173 ut
1427 1143 1500 1173 res
1526 1144 1658 1174 num-

58 1201 202 1247 maria
226 1201 285 1246 de
311 1199 544 1246 communi
568 1201 797 1245 sententia
817 1201 1193 1249 constitueretur.
1242 1203 1271 1249 J
1276 1203 1523 1249 actabatur
1542 1203 1662 1249 enim

59 1276 347 1339 temporibus
389 1275 476 1321 illis
517 1291 734 1320 nummus
777 1276 855 1330 sic,
898 1282 952 1321 ut
998 1293 1135 1322 nemo
1177 1283 1337 1340 posset
1377 1278 1506 1332 scire,
1550 1278 1662 1341 quid

59 1353 267 1398 haberet.
320 1350 708 1412 Conscripserunt
733 1352 1039 1397 communiter
1063 1352 1270 1398 edictum
1296 1369 1402 1398 cum
1427 1369 1569 1415 poena
1592 1359 1660 1399 at-
1687 1359 1713 1397 4

58 1442 147 1488 que
168 1425 370 1488 judicio3
409 1425 859 1488 constitueruntque,
883 1433 936 1472 ut
961 1443 1121 1473 omnes
1146 1427 1284 1473 simul
1308 1428 1354 1473 in
1379 1435 1530 1473 rostra
1555 1434 1663 1491 post

58 1501 295 1546 meridiem
319 1500 638 1546 escenderent.
697 1500 758 1546 Et
784 1501 924 1547 ceteri
943 1501 1130 1564 quidem
1157 1502 1274 1548 alius
1299 1503 1413 1550 alio:
1439 1503 1614 1549 Marius
1635 1519 1661 1549 a
1688 1511 1712 1551 5

57 1575 284 1622 subselliis
319 1575 366 1620 in
399 1583 550 1621 rostra
584 1581 727 1629 recta,
756 1575 911 1638 idque,
940 1577 1067 1638 quod
1095 1578 1406 1624 communiter
1431 1578 1658 1641 composi-

57 1656 157 1696 tum
195 1650 362 1704 fuerat,
400 1650 526 1696 solus
569 1650 725 1696 edixit.
796 1651 858 1696 Et
900 1666 955 1697 ea
990 1667 1077 1705 res,
1116 1652 1154 1697 si
1189 1652 1374 1714 quaeris,
1413 1653 1454 1699 ei
1488 1669 1660 1716 magno

56 1724 217 1770 honori
240 1724 340 1771 fuit.
402 1724 631 1771 Omnibus
656 1725 765 1771 vicis
791 1731 962 1772 statuae
986 1741 995 1771 z
1034 1726 1094 1772 ad
1120 1743 1198 1773 eas
1223 1733 1313 1782 tus,
1341 1728 1475 1775 cerei.
1535 1729 1660 1784 Quid

59 1800 242 1846 multa?
316 1800 471 1847 Nemo
494 1816 701 1862 unquam
726 1801 1011 1847 multitudini
1039 1802 1126 1847 fuit
1152 1802 1311 1850 carior.
1384 1803 1506 1850 Haec
1531 1808 1654 1857 sunt,
1685 1807 1711 1849 6

56 1891 160 1937 quae
205 1876 486 1922 conturbant
525 1875 572 1920 in
607 1875 939 1922 deliberatione
980 1893 1331 1939 nonnunquam,
1371 1895 1479 1925 cum
1513 1878 1576 1933 id,
1615 1879 1660 1924 in

55 1966 147 2012 quo
181 1950 380 1996 violatur
415 1950 627 2012 aequitas,
665 1966 758 1996 non
791 1950 856 1996 ita
890 1967 1127 2014 magnum,
1167 1952 1281 1998 illud
1317 1960 1491 2007 autem,
1530 1953 1658 2015 quod

56 2040 112 2070 cx
153 2040 207 2070 eo
250 2024 442 2086 paritur,
485 2040 796 2087 permagnum
838 2025 1050 2072 videtur:
1101 2032 1156 2072 ut
1196 2027 1360 2082 Mario,
1405 2028 1659 2090 praeripere

55 2098 247 2160 collegis
285 2104 332 2144 et
367 2098 562 2144 tribunis
601 2099 663 2161 pl.
704 2100 980 2161 popularem
1018 2101 1232 2163 gratiam,
1259 2118 1352 2148 non
1388 2103 1454 2148 ita
1490 2109 1657 2165 turpe;

56 2173 294 2218 consulem
319 2173 379 2219 ob
404 2188 507 2219 eam
530 2189 630 2219 rem
654 2174 764 2227 fieri,
787 2174 914 2236 quod
939 2175 1025 2221 sibi
1052 2182 1152 2222 tum
1178 2183 1500 2239 proposuerat,
1520 2178 1657 2223 valde

56 2248 168 2294 utile
188 2247 447 2294 videbatur.
497 2248 593 2294 Sed
619 2248 825 2294 omnium
843 2265 936 2294 una
960 2250 1124 2313 regula
1143 2257 1229 2306 est,
1250 2268 1391 2314 quam
1414 2251 1498 2298 tibi
1522 2252 1659 2314 cupio
1687 2253 1708 2299 7

56 2338 157 2368 esse
183 2322 472 2368 notissimam
494 2338 502 2368 :
541 2329 624 2369 aut
646 2323 776 2378 illud,
805 2324 931 2385 quod
956 2325 1068 2370 utile
1091 2325 1289 2380 videtur,
1316 2332 1455 2388 turpe
1487 2343 1546 2373 ne
1574 2327 1658 2381 sit;

57 2404 152 2451 aut,
179 2397 217 2443 si
251 2403 390 2459 turpe
424 2403 509 2452 est,
536 2413 594 2443 ne
618 2398 838 2444 videatur
861 2414 963 2445 esse
988 2400 1115 2446 utile.
1188 2401 1309 2456 Quid
1334 2400 1514 2464 igitur?
1552 2418 1657 2464 pos·
1686 2408 1711 2448 8

56 2488 276 2518 sumusne
301 2477 383 2518 aut
406 2472 537 2518 illum
563 2472 763 2518 Marium
786 2473 936 2519 virum
955 2475 1131 2520 bonum
1152 2475 1376 2537 judicare,
1395 2482 1478 2523 aut
1494 2476 1618 2521 hunc
1637 2477 1657 2521 ἶ)

57 2546 250 2608 Explica
274 2552 416 2608 atque
441 2553 610 2593 excute
634 2547 988 2610 intelligentiam
1020 2554 1164 2603 tuam,
1192 2555 1246 2595 ut
1269 2550 1440 2604 videas,
1468 2567 1573 2612 quae
1602 2550 1660 2596 sit

56 2619 102 2666 in
126 2636 181 2666 ea
204 2621 400 2683 specieS,
425 2621 575 2667 forma
600 2628 648 2668 et
671 2622 798 2668 notio
822 2622 907 2668 viri
930 2622 1050 2669 boni.
1123 2624 1262 2670 Cadit
1296 2640 1408 2687 ergo
1441 2624 1487 2671 in
1511 2626 1657 2670 virum
1686 2630 1711 2670 9

57 2695 232 2741 bonum
266 2695 447 2740 mentiri
482 2697 785 2742 emolumenti
821 2697 891 2743 sui
927 2713 1082 2752 causa,
1111 2698 1353 2753 criminari,
1383 2700 1654 2762 praeripere,

57 2769 255 2815 fallere?
325 2769 453 2814 Nihil
480 2771 690 2832 profecto
715 2771 881 2818 minuS.
951 2772 1038 2818 Est
1063 2789 1175 2836 ergo
1201 2773 1296 2818 ulla
1320 2790 1393 2820 res
1419 2774 1549 2827 tanti,
1578 2780 1658 2818 aut
1688 2779 1742 2818 112·

58 2843 357 2890 commodum
381 2844 528 2889 ullum
554 2852 649 2889 tam
675 2846 1007 2907 expetendum,
1034 2853 1087 2892 ut
1113 2847 1195 2893 viri
1229 2848 1336 2894 boni
1362 2854 1408 2893 et
1441 2848 1656 2910 splendo-

57 2933 154 2964 rem
177 2925 224 2964 et
246 2934 416 2963 nomen
441 2919 665 2964 amittas?
738 2921 860 2975 Quid
886 2928 970 2976 est,
998 2922 1124 2984 quod
1160 2923 1324 2968 afferre
1358 2929 1544 2968 tantum
1570 2921 1655 2967 uti-
1686 2927 1734 2967 1]

59 2991 162 3038 litas
198 2992 301 3046 ista,
337 3009 443 3055 quae
477 2992 658 3047 dicitur,
699 2995 858 3056 possit,
887 3003 1113 3057 quantum
1149 2997 1344 3043 auferre.
1372 2997 1408 3042 si
1444 2995 1552 3042 boni
1577 2995 1659 3041 viri

60 3080 227 3113 nomen
251 3067 484 3126 eripuerit,
513 3067 652 3112 fidem
680 3068 1001 3131 justitiamque
1028 3070 1317 3115 detraxerit?
1389 3070 1511 3125 Quid
1537 3070 1659 3115 enim
1687 3074 1743 3115 12
