2054 3470
261 229 319 276 70
827 271 829 273 ,
934 244 1001 289 ΒΕ
1041 244 1251 275 ormcns

343 350 670 413 imperandum
697 351 835 413 deligi
870 351 1044 405 solitos,
1071 367 1271 413 quorum
1308 351 1366 397 de
1397 350 1579 413 justitia
1612 365 1786 413 magna
1822 356 1942 397 esset

341 426 496 489 opinio
521 425 843 472 multitudinis.
914 426 1159 488 Adjuncto
1183 442 1308 480 vero,
1333 431 1388 471 ut
1411 426 1551 471 iidem
1575 425 1716 471 etiam
1742 424 1941 487 pruden-

343 507 414 547 tes
438 501 738 554 haberentur,
765 501 872 546 nihil
902 506 1016 554 erat,
1044 500 1172 562 quod
1207 500 1419 546 homines
1455 500 1527 546 his
1559 499 1829 546 auctoribus
1853 515 1941 544 non

289 580 316 621 6
345 590 481 637 posse
525 575 746 637 consequi
787 591 835 621 se
874 575 1226 621 arbitrarentur.
1299 575 1436 621 Omni
1474 575 1616 638 igitur
1657 574 1834 620 ratione
1869 590 1942 620 co·

343 650 481 696 lenda
507 656 553 695 ot
578 649 819 695 retinenda
840 649 1020 712 justitia
1045 655 1129 704 est,
1158 655 1256 696 tum
1280 650 1381 712 ipsa
1406 666 1489 712 per
1514 665 1630 704 sese,
1660 646 1789 712 (nam
1813 649 1943 695 aliter

339 724 520 788 justitia
543 740 632 770 non
668 723 830 787 esset‚)
858 731 959 769 tum
995 730 1189 786 propter
1224 725 1632 787 amplificationem
1671 723 1858 769 honoris
1899 729 1942 768 et

343 799 521 863 gloriae.

290 947 315 994 7
408 947 506 994 Sed
542 954 596 993 ut
633 949 843 1010 pecuniae
881 965 972 994 non
1010 947 1281 1010 quaerendae
1321 948 1474 994 solum
1511 948 1628 994 ratio
1664 953 1749 1002 est,
1778 963 1942 993 verum

343 1022 484 1068 etiam
519 1022 822 1076 collocandae,
850 1038 956 1084 quae
992 1028 1247 1084 perpetuos
1282 1028 1502 1084 sumptus
1537 1022 1823 1085 suppeditet,
1860 1037 1944 1068 nec

341 1096 492 1142 solum
512 1097 809 1150 necessarios
828 1097 910 1143 sed
927 1097 1064 1142 etiam
1080 1097 1295 1143 liberales
1313 1112 1322 1142 :
1350 1096 1414 1142 sic
1439 1096 1586 1158 gloria
1604 1102 1653 1142 et
1675 1096 1943 1158 quaerenda,

289 1178 316 1218 8
339 1178 389 1217 et
405 1171 675 1218 collocanda
691 1172 868 1217 ratione
885 1177 969 1218 est.
1015 1172 1313 1234 Quamquam
1331 1171 1558 1233 praeclare
1575 1171 1806 1225 Socrates,
1824 1171 1944 1217 hanc

343 1246 463 1292 viam
494 1246 555 1291 ad
593 1246 789 1309 gloriam
823 1246 1082 1309 proximam
1108 1252 1155 1292 et
1179 1246 1311 1308 quasi
1341 1245 1734 1308 compendiariam
1761 1245 1944 1292 dicebat

343 1337 458 1375 esse,
498 1320 536 1366 si
570 1321 673 1383 quis
708 1321 755 1366 id
793 1327 970 1384 ageret,
1004 1326 1069 1375 ut,
1098 1321 1245 1382 qualis
1280 1320 1443 1366 haberi
1476 1321 1630 1376 vellet,
1667 1321 1772 1366 talis
1807 1326 1944 1368 esset.

288 1402 316 1443 9
344 1395 482 1452 Quod
522 1395 559 1441 si
596 1395 674 1457 qui
713 1395 1006 1441 simulatione
1041 1402 1089 1441 et
1125 1395 1247 1441 inani
1282 1396 1592 1442 ostentatione
1628 1401 1676 1442 et
1709 1396 1819 1442 ficto
1853 1412 1944 1442 non

341 1471 482 1517 modo
507 1486 731 1524 sermone,
755 1470 838 1516 sed
863 1471 1003 1516 etiam
1022 1471 1169 1524 vultu,
1193 1470 1407 1516 stabilem
1429 1487 1477 1517 se
1502 1471 1700 1534 gloriam
1727 1471 1944 1533 consequi

262 1550 317 1593 10
343 1561 480 1608 posse
515 1552 689 1600 rentur,
718 1546 1020 1591 vehementer
1054 1551 1225 1591 errant.
1296 1546 1424 1591 Vera
1456 1546 1603 1609 gloria
1627 1545 1807 1592 radices
1830 1545 1943 1609 agit,

342 1626 483 1682 atque
508 1620 648 1665 etiam
682 1626 1002 1683 propagatur;
1042 1621 1150 1666 ficta
1181 1620 1334 1666 omnia
1363 1620 1574 1666 celeriter
1596 1626 1839 1682 tamquam
1863 1620 1944 1667 flo-

342 1695 460 1740 sculi
484 1694 719 1748 decidunt,
746 1710 831 1740 nec
857 1694 1128 1740 simulatum
1162 1700 1320 1757 potest
1344 1695 1594 1757 quiequam
1632 1711 1733 1740 esse
1766 1694 1945 1741 diutur-

262 1774 311 1814 11
341 1786 467 1816 num.
526 1770 689 1815 Testes
715 1774 824 1814 sunt
849 1768 1069 1832 permulti
1099 1769 1144 1814 in
1167 1775 1415 1831 utramque
1440 1775 1651 1831 partem:
1689 1769 1772 1815 sed
1797 1770 1944 1815 brevi-

262 1849 320 1890 12
341 1844 449 1890 tatis
475 1859 614 1890 causa
638 1843 810 1889 familia
836 1843 1040 1889 contenti
1069 1843 1241 1889 erimus
1277 1859 1382 1890 una.
1455 1844 1520 1889 Ti.
1543 1843 1662 1889 enim
1685 1844 1942 1898 Gracchus,

340 1919 394 1965 P.
421 1919 488 1972 F„
516 1926 612 1964 tam
639 1918 719 1964 diu
742 1917 1024 1971 laudabitur,
1052 1918 1165 1963 dum
1197 1918 1421 1964 memoria
1444 1934 1600 1963 rerum
1627 1918 1943 1965 Romanarum

340 1993 560 2039 manebit.
629 1993 699 2038 At
723 1992 824 2055 ejus
848 1992 927 2038 filii
950 2008 1035 2038 nec
1061 1992 1151 2038 vivi
1175 1993 1496 2055 probabantur
1520 1993 1665 2047 bonis,
1693 1998 1740 2039 et
1773 1993 1944 2040 mortui

344 2083 588 2114 numerum
613 2067 824 2113 obtinent
843 2067 947 2130 jure
974 2083 1213 2114 caesorum.

407 2217 544 2263 XIII.
584 2216 675 2271 Qui
692 2216 836 2278 igitur
853 2215 1047 2278 adipisci
1065 2232 1222 2262 veram
1249 2217 1444 2279 gloriam
1464 2217 1603 2270 volet,
1621 2217 1819 2279 justitiae
1839 2217 1942 2263 fun-

344 2297 484 2354 gatur
507 2290 678 2336 officiis.
749 2290 818 2334 Ea
843 2306 948 2351 quae
975 2296 1142 2345 essent,
1171 2291 1350 2336 dictum
1377 2297 1447 2336 est
1479 2291 1525 2336 in
1548 2291 1666 2337 libro
1690 2291 1941 2353 superiore.

249 2379 251 2381 ’
291 2373 316 2412 Ξ.)
345 2365 455 2420 Sed,
481 2370 535 2410 ut
552 2364 787 2417 facillime,
808 2364 969 2425 quales
995 2364 1152 2419 simus,
1173 2365 1291 2410 tales
1317 2380 1418 2410 esse
1437 2365 1692 2419 videamur,
1714 2365 1800 2411 etsi
1823 2365 1870 2411 in
1889 2382 1942 2412 eo

343 2441 444 2502 ipso
469 2439 537 2485 vis
574 2438 775 2484 maxima
805 2444 889 2492 est,
917 2443 970 2484 ut
1007 2438 1150 2484 simus
1182 2438 1224 2492 ii,
1252 2439 1330 2500 qui
1365 2439 1527 2485 haberi
1550 2439 1760 2494 velimus,
1788 2446 1943 2486 tamen

291 2523 317 2562 3
345 2514 565 2577 quaedam
604 2519 846 2576 praecepta
888 2513 1044 2559 danda
1085 2520 1206 2560 sunt.
1277 2514 1399 2559 Nam
1439 2513 1477 2559 si
1518 2513 1620 2575 quis
1662 2515 1722 2561 ab
1757 2514 1943 2561 ineunte

346 2594 486 2636 aetate
510 2588 654 2633 habet
674 2603 862 2633 causam
885 2587 1165 2634 celebritatis
1190 2593 1237 2634 et
1260 2588 1470 2642 nominis,
1498 2593 1579 2634 aut
1602 2604 1630 2634 a
1654 2593 1786 2651 patre
1812 2605 1942 2635 acce-

346 2668 477 2726 ptam
496 2642 641 2725 (quod
660 2661 755 2715 tibi,
776 2661 840 2707 mi
859 2661 1035 2715 Cicero,
1053 2661 1252 2708 arbitror
1270 2660 1538 2725 contioisse)
1559 2668 1641 2708 aut
1659 2662 1813 2725 aliquo
1833 2679 1942 2709 casu

346 2744 487 2799 atque
522 2737 740 2782 fortuna·
776 2736 822 2781 in
853 2736 977 2782 hunc
1011 2735 1132 2782 oculi
1155 2736 1362 2782 omnium
1386 2736 1707 2799 conjiciuntur,
1734 2743 1875 2800 atque
1897 2736 1941 2784 in

347 2827 467 2863 eum,
490 2810 600 2871 quid
617 2815 742 2871 agat,
765 2809 1164 2871 quemadmodum
1184 2809 1321 2863 vivat,
1342 2810 1611 2872 inquiritur:
1637 2817 1684 2857 et
1703 2818 1939 2873 tamquam

348 2885 392 2931 in
417 2883 668 2930 clarissima
701 2883 805 2928 luce
830 2889 1055 2937 versetur,
1082 2883 1147 2928 ita
1178 2883 1358 2929 nullum
1392 2885 1645 2931 obscurum
1677 2890 1834 2947 potest
1857 2902 1940 2931 nec

296 2965 322 3004 ⁴1
349 2958 525 3004 dietum
564 2957 666 3018 ejus
703 2972 805 3002 esse
839 2972 924 3002 nec
961 2957 1153 3002 factum.
1223 2958 1433 3012 Quorum
1459 2965 1617 3004 autem
1650 2960 1799 3021 prima
1824 2966 1938 3006 aetas

350 3038 546 3097 propter
569 3030 881 3077 humilitatem
902 3036 948 3076 et
973 3031 1302 3078 obscuritatem
1327 3032 1371 3077 in
1396 3033 1634 3078 hominum
1654 3033 1936 3095 ignoratione
