2054 3470
274 209 358 250 102
958 219 1020 248 DE
1059 219 1269 250 orFrcns
1824 258 1836 267 .

1782 269 1824 306 A

347 326 412 373 ita
436 327 495 374 de
531 327 729 374 utilitate
755 327 936 381 dicitur,
966 332 1018 373 ut
1052 326 1114 382 id,
1141 327 1269 390 quod
1294 328 1409 374 utile
1433 328 1661 384 videatur,
1688 345 1749 376 no
1794 322 1949 378 'modt

347 403 500 449 facere
525 403 776 449 honestum
802 402 874 456 sit,
903 402 988 447 sed
1014 402 1169 457 etiam,
1196 419 1289 449 non
1313 403 1482 458 facere,
1509 409 1620 466 turp
1654 442 1663 452 .
1740 405 1859 452 Haec
1884 414 1955 452 est

346 477 438 532 illa,
466 494 574 540 quae
600 478 787 523 videtur
821 477 1008 523 utilium
1043 477 1141 523 fieri
1178 495 1284 524 cum
1309 478 1516 525 honestis
1559 495 1687 542 saepe
1713 480 1951 528 dissensio.

267 557 320 599 10
348 555 463 608 Quae
490 552 792 615 dijudicanda
816 557 939 598 sunt.
1013 552 1123 598 Non
1161 553 1301 607 enim,
1340 559 1396 599 ut
1432 570 1772 616 quaereremuS‚
1808 571 1954 619 expo-

268 633 317 673 11
346 628 536 681 suimus,
575 627 659 673 sed
691 633 744 672 ut
783 627 1137 689 explicaremus.
1209 628 1319 674 Non
1353 628 1500 693 igitur
1525 629 1714 675 videtur
1735 646 1822 677 nec
1857 631 1954 676 fru-

345 702 599 748 mentarius
638 702 714 748 ille
740 701 969 756 Rhodios,
995 718 1081 748 nec
1119 703 1193 749 hic
1234 703 1407 749 aedium
1431 704 1648 751 venditor
1671 705 1822 751 celare
1861 721 1954 752 em-

345 785 504 839 ptores
521 777 753 823 debuisse.
791 777 959 839 Neque
979 777 1102 823 enim
1126 777 1173 823 id
1194 784 1268 824 est
1289 778 1455 833 celare,
1483 779 1704 842 quicquid
1728 780 1924 827 reticeas
1942 797 1953 827 t

343 852 426 897 sed
452 869 574 906 cum,
602 852 730 915 quod
767 858 821 898 tu
857 852 988 906 sciaS,
1015 853 1063 898 id
1099 853 1316 916 ignorare
1357 855 1667 901 emolumenti
1706 855 1777 901 tui
1815 872 1955 902 causa

267 933 315 972 12
344 927 454 973 velis
480 943 573 982 eos,
596 944 800 990 quorum
820 927 1000 973 intersit
1024 927 1071 973 id
1096 928 1227 975 scire.
1289 929 1394 975 Hoc
1419 936 1580 975 autem
1606 928 1788 976 celandi
1805 947 1955 994 genus

342 1003 479 1064 quale
505 1002 576 1056 sit,
605 1008 651 1048 et
676 1002 811 1065 cujus
836 1002 1049 1057 hominis,
1072 1003 1174 1065 quis
1199 1020 1293 1049 non
1310 1003 1473 1050 videt?
1514 1005 1655 1051 Certe
1673 1021 1768 1051 non
1786 1006 1952 1069 aperti,

342 1093 434 1123 non
459 1077 693 1140 simplicis,
720 1093 814 1123 non
847 1077 1052 1140 ingenui,
1080 1094 1172 1124 non
1204 1079 1335 1142 justi,
1362 1095 1456 1125 non
1480 1079 1564 1125 viri
1599 1081 1741 1127 boni:
1780 1082 1954 1129 versuti

342 1152 514 1214 potiuS,
550 1152 751 1207 obscuri,
778 1153 938 1206 astuti,
977 1152 1170 1208 fallacis,
1207 1154 1436 1209 malitiosi,
1465 1155 1632 1211 callidi,
1659 1157 1952 1211 veteratoris,

342 1228 470 1274 vafri.
542 1228 659 1273 Haec
696 1233 781 1281 tot,
822 1234 869 1273 et
906 1228 995 1273 alia
1032 1229 1181 1290 plura,
1224 1246 1374 1275 nonne
1411 1230 1572 1276 inutile
1618 1237 1691 1276 est
1732 1231 1952 1277 vitiorum

341 1303 495 1349 subire
521 1303 708 1348 nomina
729 1303 749 1347 ‘3

408 1453 542 1499 XIV.
582 1453 760 1508 Quodsi
781 1453 1090 1516 vituperandi,
1107 1454 1185 1516 qui
1201 1455 1501 1509 reticuerunt,
1517 1455 1629 1517 quid
1650 1455 1708 1501 de
1727 1455 1779 1501 iis
1800 1456 1950 1502 existi-

340 1529 568 1574 mandum
602 1535 686 1582 est,
722 1529 801 1591 qui
840 1545 867 1575 o
883 1529 1055 1575 ratio
1071 1530 1166 1576 nis
1205 1546 1311 1576 van
1327 1530 1417 1576 ita
1434 1536 1452 1575 t
1468 1545 1493 1575 e
1510 1547 1557 1576 m
1599 1530 1951 1578 adhibuerunt?

289 1609 312 1649 2
343 1604 394 1650 O.
429 1603 615 1657 CaniuS,
643 1619 786 1665 eques
814 1604 1070 1659 Romanus,
1097 1621 1180 1651 nec
1206 1605 1448 1659 infacetus
1477 1611 1524 1651 et
1552 1605 1664 1652 satis
1702 1605 1950 1661 litteratus,

341 1694 447 1724 cum
473 1694 522 1724 se
549 1678 810 1741 Syracusas
836 1679 1024 1734 otiandi,
1050 1686 1104 1725 ut
1139 1680 1239 1742 ipse
1275 1680 1430 1726 dicere
1466 1681 1662 1735 solebat,
1688 1697 1784 1727 non
1808 1697 1951 1745 nego-

340 1753 485 1799 tiandi
510 1769 664 1808 causa,
684 1755 970 1809 contulisset,
993 1755 1250 1809 dictitabat,
1273 1770 1323 1800 56
1349 1755 1567 1801 hortulos
1593 1756 1772 1818 aliquos
1797 1772 1951 1803 emere

339 1829 471 1883 velle,
499 1844 593 1891 quo
628 1828 824 1875 invitare
863 1830 1052 1884 amicos,
1081 1836 1128 1876 et
1152 1830 1233 1876 ubi
1258 1846 1307 1876 se
1333 1830 1568 1876 oblectare
1593 1830 1691 1876 sine
1725 1830 1944 1894 interpel-

287 1909 311 1949 ‘3
338 1903 564 1950 latoribus
599 1910 773 1966 posset.
845 1904 983 1960 Quod
1009 1921 1116 1951 cum
1142 1905 1524 1967 percrebruisset,
1551 1905 1757 1968 Pythius
1783 1906 1825 1952 ei
1849 1906 1948 1969 qui-

339 1978 462 2033 dam,
490 1978 569 2041 qui
602 1979 915 2042 argentariam
950 1979 1127 2026 faceret
1165 1980 1424 2043 Syracusis,
1451 1980 1639 2026 venales
1674 1980 1865 2043 quidem
1900 1997 1950 2028 56

337 2054 501 2100 hortos
525 2070 618 2100 non
641 2055 830 2109 habere,
859 2054 943 2100 sed
978 2055 1117 2101 licere
1141 2055 1212 2101 uti
1237 2055 1397 2109 Canio,
1425 2055 1468 2101 si
1486 2055 1642 2109 vellet,
1668 2061 1722 2101 ut
1746 2055 1868 2102 suis:
1903 2062 1949 2103 et

339 2129 477 2175 simul
513 2129 574 2175 ad
613 2145 797 2176 coenam
833 2130 1070 2176 hominem
1107 2131 1153 2176 in
1190 2131 1353 2176 hortos
1377 2129 1588 2176 invitavit
1622 2130 1668 2176 in
1704 2136 1948 2193 posterum

285 2209 312 2250 4
340 2204 477 2250 diem.
550 2205 671 2250 Cum
708 2206 784 2251 ille
822 2205 1125 2267 promisisset,
1152 2211 1254 2251 tum
1278 2205 1495 2267 Pythius,
1523 2205 1602 2268 qui
1634 2211 1773 2259 esset,
1800 2212 1854 2251 ut
1877 2221 1947 2252 ar-

338 2279 592 2343 gentarius,
620 2280 748 2342 apud
787 2295 948 2325 omnes
991 2280 1176 2326 ordines
1217 2280 1474 2342 gratiosus,
1512 2280 1768 2343 piscatores
1803 2280 1863 2326 ad
1899 2296 1948 2326 56

340 2354 627 2408 convozavit,
655 2360 702 2400 et
728 2355 787 2401 ab
813 2354 884 2399 his
911 2354 1088 2417 petivit,
1115 2360 1169 2400 ut
1194 2360 1301 2399 ante
1327 2370 1435 2400 suos
1471 2355 1684 2400 hortulos
1721 2355 1946 2416 postridie

290 2437 313 2478 5
340 2430 658 2492 piscarentur:
697 2429 922 2491 dixitque,
957 2429 1070 2491 quid
1109 2445 1188 2474 eos
1225 2429 1378 2474 facere
1416 2429 1570 2475 vellet.
1641 2429 1725 2475 Ad
1762 2446 1944 2476 coenam

339 2511 552 2567 tempore
576 2504 702 2551 venit
728 2504 929 2550 Canius:
967 2504 1159 2567 opipare
1197 2519 1224 2548 a
1262 2503 1435 2566 Pythio
1473 2509 1755 2566 apparatum
1792 2505 1935 2551 convi-

340 2580 491 2625 vium:
519 2580 794 2642 cymbarum
810 2585 917 2625 ante
935 2580 1095 2625 oculos
1110 2578 1365 2624 multitudo
1383 2593 1392 2624 :
1420 2595 1505 2640 pro
1523 2594 1571 2624 se
1588 2578 1799 2641 quisque,
1818 2579 1946 2642 quod

340 2660 545 2716 ceperat,
585 2654 840 2700 afferebat:
878 2660 987 2700 ante
1023 2653 1169 2716 pedes
1203 2653 1365 2716 Pythii
1401 2653 1553 2715 pisces
1589 2653 1944 2716 abjiciebantur.

289 2735 312 2775 6
339 2730 458 2774 Tum
485 2728 670 2781 Canius,
699 2729 883 2784 Quaeso,
911 2729 1072 2790 inquit,
1101 2728 1213 2790 quid
1239 2734 1311 2774 est
1345 2728 1448 2781 hoc,
1475 2727 1659 2790 Pythi?
1696 2734 1944 2774 tantumne

341 2804 550 2868 piscium,
566 2808 809 2850 tantumne
826 2804 1138 2866 cymbarum?
1187 2802 1247 2848 Et
1266 2802 1355 2856 ille,
1375 2802 1497 2857 Quid
1514 2802 1682 2848 mirum
1699 2803 1720 2848 ἱ)
1766 2802 1944 2864 inquit;

340 2882 430 2926 hoc
467 2881 571 2926 loco
609 2886 693 2933 est,
722 2878 968 2941 Syracusis
994 2877 1215 2939 quicquid
1253 2883 1324 2923 est
1363 2877 1586 2939 piscium:
1625 2877 1699 2923 hic
1725 2877 1942 2939 aquatio:

341 2955 429 3001 hac
446 2955 553 3001 villa
576 2954 649 3001 isti
669 2969 826 3000 carere
851 2969 943 2998 non
968 2958 1177 3014 possunt.
1248 2953 1472 2998 Incensus
1494 2951 1665 2997 Canius
1685 2950 1943 3013 cupiditate

292 3030 317 3079 'I
343 3030 582 3080 contendit
605 3046 632 3074 a
656 3029 846 3091 Pythio,
873 3033 926 3074 ut
950 3027 1186 3074 venderet.
1263 3027 1469 3072 Gravatc
1493 3026 1569 3072 ille
1594 3025 1757 3088 primo,
1818 3025 1940 3082 Quid

1006 3160 1016 3181 Ι
