2054 3470
691 251 830 280 mnan
859 251 886 280 1.
960 252 1068 281 cmv.
1097 252 1203 281 xxx.
1741 240 1796 282 89

107 363 220 402 ccat.
293 357 484 419 Duplex
519 358 704 403 omnino
740 364 812 403 est
847 357 1037 420 jocandi
1072 373 1251 420 genus:
1291 375 1435 403 unum
1476 358 1710 412 illiberale,
1741 363 1798 405 10

104 431 333 492 petulans,
361 432 657 495 flagitiosum,
684 433 989 485 obscoenum3
1016 432 1215 477 alterum
1241 432 1446 495 elegans,
1463 433 1711 487 urbanum,

102 504 402 568 ingeniosum,
429 507 649 552 facetum.
722 507 825 561 Quo
849 522 1020 569 genere
1047 522 1138 551 non
1161 507 1302 552 modo
1327 507 1527 552 Plautus
1554 513 1711 552 noster
1739 512 1789 552 11

100 586 148 625 et
187 581 458 626 Atticorum
500 581 691 642 antiqua
736 581 981 635 comoedia,
1020 580 1103 626 sed
1141 580 1281 626 etiam
1319 581 1708 643 philosophorum

100 653 443 700 Socraticorum
480 655 582 701 libri
620 655 776 700 referti
813 661 953 708 sunt;
993 656 1235 716 multaque
1270 656 1526 701 multorum
1559 655 1709 700 facete

98 728 250 782 dicta;
287 734 341 774 ut
375 745 443 781 ea,
471 746 576 791 quae
604 745 631 774 a
660 745 769 775 sene
809 730 986 775 Catone
1024 730 1220 775 collecta
1256 736 1378 784 sunt,
1407 746 1514 792 quae
1542 737 1709 775 vocant

97 803 452 865 ὀποφῖσέγμαετα.
524 803 692 850 Facilis
724 804 868 867 igitur
901 811 972 850 est
1008 804 1244 850 distinctio
1273 804 1460 866 ingenui
1492 810 1539 849 et
1562 804 1705 850 illibe-
1738 810 1791 849 12

96 877 202 923 ralis
240 877 347 940 joci.
448 877 591 923 Alter
636 882 721 932 est,
784 876 822 923 si
866 883 1078 942 tempore
1137 877 1206 932 fit,
1264 876 1456 924 remisso
1519 877 1706 924 homine

95 950 263 1014 dignus
284 968 294 1006 ;
330 952 449 997 alter
473 967 530 997 ne
555 952 700 998 libero
725 951 928 1014 quidem,
955 952 992 997 si
1018 968 1173 996 rerum
1199 951 1478 1014 turpitudini
1514 952 1706 998 adhibe-

96 1032 171 1071 tur
188 1027 437 1072 verborum
458 1026 756 1072 obscoenitas.
827 1026 1045 1072 Ludendi
1071 1027 1210 1071 etiam
1230 1033 1302 1073 est
1321 1026 1514 1088 quidam
1537 1026 1706 1072 modus
1736 1032 1790 1072 13

94 1101 392 1146 retinendus:
430 1106 483 1145 ut
524 1116 582 1146 ne
623 1100 756 1146 nimis
797 1100 950 1146 omnia
991 1101 1346 1163 profundamus,
1391 1101 1592 1163 elatique
1627 1117 1705 1147 vo-

92 1174 274 1237 luptate
314 1175 359 1220 iu
401 1175 606 1236 aliquam
642 1174 984 1237 turpitudinem
1020 1175 1310 1221 delabamur.
1383 1175 1704 1238 Suppeditant
1734 1182 1785 1222 14

93 1257 249 1295 autem
275 1256 320 1296 et
347 1266 543 1312 campus
577 1256 734 1294 noster
760 1255 806 1294 et
841 1250 998 1294 studia
1023 1250 1222 1295 venandi
1258 1250 1455 1295 honesta
1490 1250 1705 1312 exempla

91 1323 296 1371 ludendi.

154 1474 302 1520 XXX.
342 1474 439 1521 Sed
468 1475 667 1537 pertinet
693 1474 753 1520 ad
780 1491 965 1521 omnem
1003 1475 1137 1521 officii
1173 1475 1491 1536 quaestioncm‚
1518 1492 1703 1538 semper

89 1548 134 1594 iu
159 1556 383 1612 promptu
407 1550 594 1604 habere,
623 1556 850 1612 quantum
889 1556 1055 1595 natura
1090 1549 1288 1595 hominis
1315 1550 1574 1612 pecudibus
1600 1551 1700 1597 reli-

89 1624 284 1687 quisque
303 1624 450 1671 beluis
476 1625 741 1671 antecedat.
802 1624 906 1670 Illae
925 1624 1038 1670 nihil
1063 1624 1268 1670 sentiunt
1289 1625 1375 1670 nisi
1392 1624 1699 1687 voluptatem,
1728 1632 1753 1672 2

88 1698 148 1743 ad
173 1714 368 1761 eamque
403 1699 619 1745 feruntur
654 1698 780 1745 omni
814 1698 1024 1762 impetu:
1060 1699 1258 1744 hominis
1295 1705 1454 1745 autem
1478 1716 1608 1745 mens
1634 1700 1699 1746 di-

87 1773 262 1819 scendo
297 1774 436 1820 alitur
460 1781 507 1820 et
543 1773 808 1837 cogitando,
835 1789 1022 1836 semper
1055 1773 1229 1836 aliquid
1266 1779 1348 1820 aut
1383 1773 1583 1836 anquirit
1618 1781 1700 1821 aut

87 1847 198 1910 agit,
220 1849 499 1911 videndique
519 1854 566 1895 et
585 1848 805 1894 audiendi
829 1848 1139 1894 delectatione
1166 1848 1367 1895 ducitur.
1423 1848 1545 1904 Quin
1562 1849 1699 1894 etiam
1726 1857 1751 1895 3

87 1922 124 1968 si
148 1923 250 1984 quis
275 1929 347 1969 est
383 1924 526 1986 paulo
561 1923 622 1968 ad
647 1923 917 1985 voluptates
952 1923 1242 1985 propensior,
1268 1922 1413 1968 modo
1447 1923 1602 1971 nesit
1642 1940 1699 1969 ex

88 1998 322 2059 pecudum
363 2014 534 2061 genere
578 1996 708 2061 (sunt
750 1997 871 2043 enim
907 1996 1099 2059 quidam
1140 1997 1350 2042 homines
1386 2013 1478 2042 non
1513 2013 1576 2051 re,
1613 1998 1696 2044 sed

87 2070 306 2135 nomine,)
344 2072 426 2118 sed
463 2072 500 2118 si
534 2072 638 2134 quis
674 2077 746 2118 est
780 2072 922 2134 paulo
959 2071 1168 2126 erectior,
1205 2071 1418 2133 quamvis
1452 2072 1697 2134 voluptate

87 2146 309 2208 capiatur,
331 2147 537 2192 occultat
562 2153 610 2192 et
634 2146 897 2192 dissimulat
921 2146 1187 2208 appetitum
1206 2145 1474 2208 voluptatis,
1501 2152 1698 2210 propter

88 2221 426 2267 verecundiam.
496 2222 569 2267 Ex
602 2237 694 2284 quo
729 2220 1016 2284 intelligitur,
1045 2220 1252 2283 corporis
1275 2220 1568 2283 voluptatem
1604 2237 1697 2267 non
1722 2226 1748 2267 4

85 2295 196 2341 satis
235 2311 335 2342 esse
373 2295 566 2359 dignam
601 2295 798 2342 hominis
834 2295 1120 2358 praestantia-‚
1148 2311 1346 2358 eamque
1382 2295 1614 2342 contemni
1649 2302 1696 2343 et

86 2370 211 2432 rejici
235 2376 478 2433 oportere:
505 2371 576 2416 sin
599 2371 658 2417 sit
682 2370 927 2433 quispiam,
949 2370 1028 2432 qui
1053 2370 1227 2431 aliquid
1253 2370 1429 2416 tribuat
1448 2371 1692 2433 voluptati,

85 2444 331 2508 diligenter
355 2445 396 2491 ei
425 2446 680 2492 tenendum
715 2461 817 2491 esse
852 2444 955 2508 ejus
992 2445 1204 2491 frucndae
1244 2445 1454 2492 modum.
1524 2446 1693 2508 Itaque
1720 2453 1746 2493 5

87 2519 234 2565 victus
260 2520 507 2582 cultusque
539 2520 747 2583 corporis
782 2519 844 2565 ad
867 2519 1183 2566 valetudinem
1218 2519 1448 2565 referatur
1472 2526 1519 2566 et
1544 2519 1604 2565 ad
1630 2520 1692 2566 vi-

87 2610 171 2648 res,
203 2610 295 2640 non
330 2594 391 2640 ad
427 2595 733 2657 voluptatem.
802 2595 966 2656 Atque
999 2594 1138 2639 etiam
1175 2593 1210 2639 si
1247 2594 1539 2640 considerare
1562 2595 1692 2640 volu·
1719 2600 1745 2640 0

87 2684 203 2722 mus,
230 2684 336 2730 quae
370 2669 429 2714 sit
462 2668 507 2715 in
542 2675 710 2715 natura
744 2669 945 2714 hominis
989 2668 1264 2714 excellentia
1300 2678 1347 2713 et
1382 2668 1600 2731 dignitas,
1626 2668 1690 2714 in-

88 2743 364 2805 telligemus,
390 2759 531 2805 quam
566 2743 625 2789 sit
659 2749 797 2806 turpe
833 2743 1044 2789 diffluere
1079 2743 1274 2796 luxuria,
1313 2748 1359 2788 et
1400 2743 1597 2799 delicate
1638 2759 1691 2789 ac

88 2817 285 2864 molliter
308 2817 492 2863 vivere:
530 2833 763 2880 quamque
798 2818 1049 2864 honestum
1086 2833 1240 2880 parce,
1278 2818 1581 2872 continenter,
1619 2833 1688 2863 se·

91 2905 205 2946 vere,
233 2892 398 2938 sobrie.

153 3041 514 3105 Intelligendum
551 3041 692 3088 etiam
727 3047 813 3097 est,
840 3041 1027 3088 duabus
1051 3042 1182 3104 quasi
1207 3057 1290 3087 nos
1316 3056 1342 3086 a
1366 3046 1532 3087 natura
1555 3040 1686 3088 indu·
1716 3042 1740 3089 'I
