2054 3470
221 220 273 263 14
877 273 879 275 ι
906 234 966 263 DE
1005 235 1213 265 OFFICMS

303 357 438 386 suum
481 341 710 404 cujusque
750 342 802 387 fit
843 358 1018 397 eorum,
1056 359 1164 405 quae
1208 348 1376 389 natura
1411 343 1596 389 fuerant
1632 341 1907 396 communia,

248 421 275 463 5
302 416 429 478 quod
465 416 631 478 cuique
667 416 848 480 obtigit,
874 417 922 463 id
957 417 1153 480 quisque
1188 423 1357 464 teneat.
1428 418 1470 464 E
1504 434 1600 480 quo
1635 418 1674 464 si
1696 417 1800 480 quis
1825 416 1908 463 sibi

302 497 510 554 appetet,
549 491 740 538 violabit
771 492 849 555 jus
885 493 1106 539 humanae
1140 492 1392 540 societatis.
1464 493 1559 539 Sed
1595 492 1831 555 quoniam,
1857 499 1906 537 ut

304 566 524 629 praeclare
561 566 785 630 scriptum
823 573 895 614 est
930 583 958 613 a
993 568 1207 622 Platone,
1234 584 1328 614 non
1363 567 1498 614 nobis
1523 568 1677 614 solum
1712 567 1810 613 nati
1834 583 1908 612 su·

305 657 422 699 mus,
448 648 671 704 ortusque
706 642 852 688 nostri
887 649 1071 706 partem
1108 643 1260 706 patria
1283 643 1500 698 vindicat,
1528 649 1713 706 partem
1748 642 1911 696 amici3

303 722 457 779 atque,
483 727 537 763 ut
573 718 728 780 placet
765 718 947 772 Stoicis,
987 734 1095 780 quae
1130 717 1177 764 in
1211 718 1347 764 terris
1382 718 1650 782 gignantur,
1677 717 1739 763 ad
1774 733 1911 763 usum

303 792 544 839 hominum
580 793 734 839 omnia
758 793 918 848 creari,
945 793 1155 839 homines
1180 799 1341 839 autem
1375 792 1619 839 hominum
1645 809 1787 839 causa
1813 808 1913 838 esst·

303 874 563 931 generatos,
590 874 644 914 ut
668 868 755 931 ipsi
787 868 906 914 inter
932 884 982 914 se
1018 868 1117 914 aliis
1142 868 1218 914 alii
1253 868 1478 931 prodesse
1502 873 1719 931 possent:
1755 867 1911 913 in·hoc

303 948 520 988 naturam
556 943 784 990 debemus
819 943 988 990 ducem
1016 943 1162 1005 sequi,
1190 958 1462 989 communes
1499 942 1724 989 utilitates
1748 942 1796 988 in
1819 958 1914 988 me·

304 1017 434 1063 dium
466 1018 645 1072 afferre,
671 1018 930 1064 mutatione
972 1018 1244 1072 officiorum,
1283 1017 1454 1072 dando,
1492 1017 1778 1081 accipiendo,
1816 1023 1913 1064 tum

302 1093 495 1147 artibus,
540 1098 644 1138 tum
684 1109 843 1155 opera,
880 1098 983 1139 tum
1030 1093 1351 1148 facultatibus,
1395 1092 1627 1139 devincire
1678 1093 1916 1139 hominum

249 1172 278 1211 ί)
303 1168 424 1214 inter
448 1167 660 1214 homines
686 1168 971 1215 societatem.
1042 1168 1423 1214 Fundamentum
1450 1174 1608 1214 autem
1633 1174 1705 1214 est
1724 1167 1919 1232 justitiae

247 1243 274 1292 ς
303 1243 434 1298 fides,
455 1243 502 1289 id
529 1249 600 1289 est
634 1243 869 1290 dictorum
907 1249 1339 1306 conventorumque
1375 1243 1637 1290 constantia
1661 1249 1708 1289 et
1732 1243 1917 1290 veritas.

303 1319 377 1364 Ex
412 1335 520 1381 quo,
547 1334 834 1381 quamquam
870 1319 960 1365 hoc
997 1318 1236 1364 videbitur
1271 1319 1468 1366 fortasse
1505 1318 1707 1382 cuipiam
1743 1318 1918 1373 duriuS,

305 1400 464 1440 tamen
483 1393 740 1439 audeamus
759 1393 927 1439 imitari
949 1394 1148 1448 Stoicos,
1170 1394 1249 1456 qui
1274 1393 1484 1441 studiose
1511 1394 1774 1457 exquirunt,
1795 1393 1920 1439 unde

306 1469 451 1515 verba
480 1468 569 1514 sint
600 1469 771 1523 ducta;
809 1469 1168 1531 credamusque,
1197 1469 1306 1531 quia
1342 1469 1436 1524 fiat,
1465 1469 1593 1532 quod
1629 1469 1807 1515 dictum
1832 1474 1918 1522 est,

305 1544 593 1606 appellatam
619 1543 774 1590 fidem.

261 1620 284 1666 7
380 1619 477 1665 Sed
524 1619 766 1682 injustitia)
814 1636 987 1683 genera
1025 1619 1120 1664 duo
1157 1625 1294 1664 sunt:
1348 1636 1491 1665 unum
1516 1636 1704 1674 eorum,
1742 1618 1820 1681 qui
1857 1618 1920 1664 in-

307 1695 463 1740 ferunt
480 1710 490 1749 ;
527 1695 728 1740 alterum
749 1711 925 1749 eorum,
946 1694 1025 1757 qui
1052 1695 1111 1740 ab
1133 1694 1199 1748 iis,
1221 1695 1390 1756 quibus
1415 1694 1624 1749 infertur,
1646 1695 1683 1741 si
1708 1702 1920 1758 possunt,

255 1776 281 1816 8
310 1786 401 1815 non
449 1769 727 1832 propulsant
767 1769 998 1832 injuriam.
1083 1770 1208 1816 Nam
1256 1769 1336 1832 qui
1382 1769 1554 1833 injuste
1601 1769 1831 1832 impetum
1877 1769 1922 1814 in

312 1845 583 1908 quempiam
617 1845 744 1900 facit,
771 1851 854 1891 aut
888 1845 969 1900 ira,
996 1850 1079 1891 aut
1113 1845 1267 1907 aliqua
1304 1845 1655 1907 perturbatione
1690 1844 1923 1898 incitatus,

308 1920 344 1966 is
371 1919 502 1982 quasi
537 1936 704 1966 manus
740 1920 905 1966 afferre
937 1920 1125 1966 videtur
1160 1920 1309 1966 socio:
1348 1919 1428 1982 qui
1463 1926 1621 1966 autem
1646 1936 1738 1966 non
1765 1919 1923 1965 defen-

309 1996 391 2049 dit,
417 2011 501 2041 nec
528 1995 723 2050 obsistit,
751 1995 789 2041 si
813 2001 985 2058 potest,
1013 1995 1213 2058 injuriae,
1241 2000 1339 2040 tam
1377 2000 1449 2040 est
1485 1995 1531 2040 in
1566 1995 1692 2050 vitio,
1721 2010 1862 2057 quam
1889 1994 1923 2040 si

310 2076 526 2134 parentes
552 2076 635 2116 aut
660 2070 832 2116 amicos
856 2076 938 2116 aut
963 2070 1167 2133 patriam
1192 2070 1393 2116 deserat.

257 2152 283 2192 9
376 2146 540 2207 Atque
564 2146 655 2191 illae
681 2146 872 2208 quidem
907 2145 1104 2208 injuriae,
1131 2160 1236 2207 quae
1268 2145 1465 2191 nocendi
1504 2161 1647 2191 causa
1682 2145 1742 2190 de
1767 2144 1923 2190 indus-

311 2220 398 2266 tria
436 2220 713 2275 inferuntur,
751 2236 880 2282 saepe
927 2235 955 2264 a
1002 2225 1136 2265 metu
1170 2219 1557 2282 proficiscuntur;
1612 2236 1719 2265 cum
1753 2219 1805 2274 is,
1848 2219 1924 2281 qui

310 2311 476 2341 nocere
515 2295 649 2341 alteri
685 2295 874 2358 cogitat,
911 2294 1058 2349 timet,
1095 2310 1168 2348 ne,
1205 2293 1292 2340 nisi
1332 2293 1381 2339 id
1422 2293 1600 2348 fecerit,
1628 2294 1728 2356 ipse
1771 2294 1925 2356 aliquo

236 2375 286 2416 {0
313 2370 540 2416 afficiatur
562 2369 871 2416 incommodo.
943 2369 1199 2415 Maximam
1223 2374 1384 2414 autem
1410 2374 1595 2431 partem
1620 2368 1682 2414 ad
1706 2368 1924 2431 injuriam

311 2444 579 2492 faciundam
603 2444 955 2508 aggrediuntur,
982 2450 1036 2490 ut
1060 2443 1379 2506 adipiscantur
1403 2459 1470 2498 ea,
1497 2459 1604 2505 quae
1647 2443 1923 2506 concupive-

313 2526 448 2565 runt:
485 2519 531 2565 in
555 2536 648 2582 quo
674 2519 783 2565 vitio
814 2519 1038 2565 latissime
1063 2524 1196 2582 patet
1220 2518 1431 2564 avaritia.
1502 2518 1643 2566 VIII.
1681 2517 1924 2581 Expetun-

314 2601 392 2641 tur
432 2600 590 2640 autem
627 2594 798 2641 divitiae
837 2611 944 2640 cum
990 2594 1050 2639 ad
1085 2610 1198 2640 usus
1233 2593 1341 2639 vitae
1391 2592 1689 2647 necessarios,
1726 2598 1829 2638 tum
1864 2593 1924 2638 ad

262 2675 286 2716 ⁶2
317 2669 623 2732 perfruendas
644 2669 926 2732 voluptates.
998 2670 1054 2715 In
1079 2668 1250 2731 quibus
1271 2674 1430 2714 autem
1455 2667 1609 2730 major
1633 2672 1704 2714 est
1728 2667 1923 2720 animus,

316 2745 361 2790 in
396 2744 447 2790 iis
483 2744 691 2806 pccuniae
718 2744 950 2806 cupiditas
987 2748 1172 2806 spectat
1208 2742 1268 2788 ad
1304 2758 1419 2805 opes
1455 2749 1503 2789 et
1538 2742 1600 2788 ad
1634 2741 1925 2806 gratificandi

316 2820 618 2866 facultatem:
656 2825 709 2864 ut
734 2835 885 2881 nuper
919 2819 983 2865 M.
1013 2819 1212 2864 Crassus
1237 2818 1455 2880 negabat,
1482 2817 1626 2863 ullam
1650 2816 1762 2862 satis
1796 2831 1926 2879 mag-

316 2911 425 2940 nam
450 2894 695 2957 pecuniam
722 2910 824 2940 esse
850 2893 903 2947 ei,
931 2893 1009 2955 qui
1034 2893 1079 2938 in
1110 2909 1159 2938 re
1186 2892 1375 2955 publica
1401 2892 1619 2954 princeps
1643 2891 1783 2937 vellet
1808 2906 1925 2944 esse,

264 2975 290 3016 δ
317 2970 453 3033 cujus
478 2970 706 3015 fructibus
731 2968 986 3014 exercitum
1005 2968 1128 3014 alere
1146 2983 1238 3014 non
1264 2973 1436 3029 posset.
1507 2966 1760 3012 Delectant
1784 2964 1924 3011 etiam

318 3044 549 3105 magnifici
585 3049 839 3106 apparatus
866 3043 1066 3104 vitaeque
1101 3043 1255 3089 cultus
1287 3058 1392 3087 cum
1429 3040 1660 3103 elegantia
1694 3046 1740 3086 ct
1777 3038 1919 3102 copia.
