2054 3470
647 252 786 281 Lmen
812 252 878 282 111.
952 253 1059 282 ciii).
1089 254 1205 283 xxii.
1677 245 1759 288 111

83 356 228 418 inquit
246 357 423 404 Attius.
472 359 542 404 At
561 359 634 404 eui
653 374 798 421 regno
816 360 836 404 ἰ)
887 359 1024 414 Quod
1045 376 1071 403 a
1091 360 1287 405 Tantalo
1308 364 1356 405 et
1374 361 1550 423 Pelope
1573 378 1678 424 pro-

83 430 232 477 ditum
251 431 358 494 jure
385 433 698 479 obtinebatur.
769 433 893 478 Nam
920 439 1096 495 quanto
1123 434 1280 495 plures
1314 435 1356 481 ei
1390 435 1488 497 regi
1525 441 1678 497 putas,
1708 442 1764 483 13

80 505 161 567 qui
194 506 401 552 exercitu
436 508 598 570 populi
632 507 832 553 Romani
867 508 1096 570 populum
1129 508 1283 570 ipsum
1307 510 1572 556 Romanum
1597 526 1678 572 op-

82 580 337 643 pressisset,
367 582 693 643 civitatemque
729 598 821 627 non
863 582 1003 627 modo
1040 582 1246 636 liberam,
1273 583 1357 629 sed
1392 583 1532 629 etiam
1567 601 1678 647 gen-

82 654 203 700 tibus
227 655 548 718 imperantem,
572 656 741 702 servire
766 656 851 703 sibi
877 656 1145 719 coegisset?
1195 658 1335 703 Hunc
1361 663 1413 703 tu
1431 674 1546 720 quas
1572 675 1677 705 con-

80 730 283 776 scicntiae
326 730 456 776 labes
495 730 540 775 in
582 731 733 776 animo
775 747 935 776 censes
983 731 1242 776 habuisse?
1296 747 1404 793 quoe
1444 732 1676 779 vulnera‘?

81 801 228 866 Cujus
265 810 422 850 autem
457 805 552 849 vita
588 805 675 866 ipsi
710 811 867 867 potest
904 805 1025 850 utilis
1061 821 1176 860 esse,
1204 821 1313 851 cum
1352 806 1454 868 ejus
1479 806 1588 852 vitae
1623 823 1678 853 ea
1706 814 1759 854 14

79 879 281 926 conditio
316 879 388 933 sit,
416 885 482 933 ut,
511 879 589 941 qui
623 879 750 925 illam
786 880 1021 941 eripuerit,
1049 879 1094 925 in
1128 879 1331 925 maxima
1354 887 1401 926 et
1432 881 1585 943 gratia
1609 881 1679 927 fu-

77 960 211 1000 turus
235 954 293 999 sit
317 960 364 999 et
388 954 577 1017 gloria?
638 955 816 1010 Quodsi
839 955 941 1000 haec
967 954 1095 1000 utilia
1126 970 1218 1000 non
1249 961 1372 1009 sunt,
1399 972 1507 1018 quae
1534 956 1677 1001 maxi·
1709 963 1761 1004 15

80 1044 150 1074 me
176 1028 405 1083 videntur,
431 1029 538 1090 quia
574 1029 711 1091 plena
746 1034 855 1075 sunt
880 1029 1120 1075 dedecoris
1155 1045 1208 1075 ac
1239 1030 1570 1092 turpitudinis;
1607 1047 1677 1076 sa-

17 1108 25 1111 *
80 1103 134 1149 tis
170 1119 445 1165 persuasum
483 1119 584 1149 esse
619 1103 773 1158 debet,
809 1103 919 1149 nihil
955 1120 1056 1149 esse
1092 1104 1217 1158 utile,
1246 1105 1372 1166 quod
1408 1121 1500 1151 non
1536 1106 1672 1151 hone-

77 1183 201 1224 stum
224 1177 295 1223 sit.

139 1327 296 1373 XXII.
335 1328 629 1388 Quamquam
658 1327 704 1372 id
724 1327 927 1388 quidem,
950 1345 1056 1373 cuin
1082 1344 1210 1390 saepe
1237 1329 1362 1382 alias,
1384 1335 1483 1375 tum
1509 1331 1678 1392 Pyrrhi

80 1403 198 1449 bello
223 1418 250 1447 a
277 1402 328 1448 O.
356 1401 583 1456 Fabricio,
609 1402 798 1448 consule
822 1402 1006 1456 iterum,
1034 1408 1081 1448 et
1106 1419 1133 1447 a
1165 1409 1331 1449 senatu
1366 1411 1525 1451 nostro
1556 1406 1679 1467 judi-

77 1483 232 1524 catum
258 1483 341 1522 est.
415 1477 538 1522 Cum
563 1476 686 1523 enim
710 1492 792 1522 rex
820 1477 1033 1539 Pyrrhus
1061 1477 1237 1540 populo
1262 1478 1477 1525 Romano
1503 1480 1677 1526 bellum
1706 1487 1730 1527 2

79 1553 198 1598 ultro
223 1551 465 1606 intulisset,
494 1567 693 1613 cumque
720 1551 778 1597 de
803 1551 996 1614 imperio
1022 1559 1258 1598 certamen
1283 1559 1407 1598 esset
1437 1570 1543 1599 cum
1568 1570 1678 1618 rege

75 1643 301 1690 generoso
326 1643 380 1672 ac
405 1633 595 1688 potente
609 1643 619 1680 ;
658 1626 857 1689 perfuga
882 1626 941 1673 ab
968 1643 1022 1672 eo
1047 1627 1173 1672 venit
1208 1627 1253 1672 in
1287 1634 1440 1673 castra
1464 1628 1675 1683 Fabricii,

77 1702 208 1764 eique
250 1708 322 1747 est
363 1701 609 1764 pollicitus,
653 1701 690 1746 si
731 1701 977 1763 praemium
1018 1701 1103 1748 sibi
1145 1702 1480 1764 proposuisset,
1526 1719 1587 1757 se,
1626 1711 1679 1750 ut

4 1815 8 1818 .
75 1777 195 1823 clam
219 1776 435 1830 venisset,
463 1776 526 1822 sic
562 1776 682 1822 clam
716 1776 762 1821 in
786 1776 959 1839 Pyrrhi
994 1782 1146 1822 castra
1180 1777 1453 1831 rediturum,
1490 1783 1535 1823 et
1571 1794 1677 1824 eum

77 1867 250 1897 veneno
275 1857 562 1897 necaturum.
634 1851 773 1896 Hunc
799 1850 1037 1897 Fabricius
1062 1851 1387 1897 reducendum
1413 1853 1593 1898 curavit
1617 1853 1676 1899 ad

79 1927 337 1989 Pyrrhum:
374 1926 515 1987 idque
541 1926 642 1987 ejus
667 1926 846 1971 factum
870 1925 1115 1971 laudatum
1141 1941 1168 1971 a
1193 1931 1358 1971 senatu
1383 1933 1466 1973 est.
1519 1928 1675 1989 ‚Atqui
1704 1935 1729 1974 3

76 2001 111 2047 si
147 2001 349 2063 speciem
384 2001 594 2047 utilitatis
630 2000 987 2062 opinionemque
1022 1999 1288 2062 quaerimuS,
1314 2016 1537 2063 magnum
1562 2001 1675 2047 illud

79 2076 250 2122 bellum
287 2075 486 2139 perfuga
519 2092 640 2121 unus
670 2081 717 2120 et
752 2090 945 2138 gravem
976 2074 1293 2120 adversarium
1318 2074 1497 2136 imperii
1521 2082 1674 2121 sustu-

79 2150 228 2196 lisset:
265 2150 348 2195 sed
374 2165 599 2212 magnum
626 2149 831 2195 dedecus
857 2155 903 2194 et
929 2149 1172 2213 flagitium,
1193 2148 1380 2211 quicum
1403 2149 1554 2196 laudis
1579 2166 1674 2196 cer-

78 2231 231 2271 tamen
276 2224 454 2278 fuisset,
504 2239 611 2270 eum
658 2240 750 2269 non
795 2224 981 2277 virtute,
1031 2223 1115 2269 sed
1162 2222 1337 2269 scelere
1385 2231 1671 2285 superatum.

81 2299 248 2345 Utrum
282 2299 423 2362 igitur
450 2298 606 2344 utilius
630 2298 708 2363 vel?
739 2298 965 2353 Fabricio,
993 2298 1072 2360 qui
1095 2298 1200 2343 talis
1225 2298 1270 2343 in
1293 2297 1381 2343 hac
1405 2298 1535 2352 urbe,
1563 2315 1674 2360 qua·
1702 2306 1726 2346 4

76 2373 128 2420 lis
164 2373 396 2419 Aristides
433 2372 634 2419 Athenis
670 2373 771 2427 fuit,
798 2373 872 2419 vel
908 2372 1088 2418 senatui
1122 2378 1296 2426 nostro,
1323 2371 1402 2433 qui
1437 2388 1675 2434 nunquam

79 2448 323 2494 utilitatem
359 2463 385 2492 a
410 2447 634 2511 dignitate
671 2447 888 2510 sejunxit,
915 2448 1055 2493 armis
1092 2463 1200 2493 cum
1233 2448 1368 2492 hoste
1395 2453 1587 2502 certare,
1615 2464 1673 2494 an

80 2522 299 2568 venenis?
370 2522 420 2568 Si
445 2521 606 2585 gloriae
632 2537 773 2567 causa
796 2521 1042 2584 imperium
1070 2521 1387 2583 expetendum
1412 2526 1496 2574 est,
1523 2522 1673 2568 scelus
1700 2531 1725 2570 5

79 2597 211 2651 absit,
237 2596 282 2642 in
305 2612 398 2658 quo
422 2612 514 2642 non
539 2602 696 2658 potest
726 2612 827 2642 esse
862 2597 1036 2660 gloria:
1075 2596 1144 2641 sin
1167 2596 1283 2657 ipsae
1309 2610 1422 2657 opes
1447 2602 1671 2657 expetun-

81 2676 153 2716 tur
186 2686 375 2732 quoquo
409 2671 564 2724 modo,
601 2687 693 2716 non
733 2677 955 2733 poterunt
994 2671 1130 2716 utiles
1174 2686 1277 2716 esse
1319 2686 1427 2716 cum
1470 2669 1670 2716 infamia.

83 2745 186 2791 Non
209 2744 352 2807 igitur
375 2745 498 2790 utilis
522 2745 599 2790 illa
623 2745 674 2791 L.
701 2745 922 2808 Philippi,
951 2745 1005 2800 Q.
1035 2745 1072 2790 F
1078 2781 1103 2798 .‚
1132 2745 1387 2791 sententia:
1426 2762 1542 2808 quas
1568 2745 1671 2792 civi·
1700 2750 1723 2789 6

81 2824 197 2866 tates
234 2819 287 2865 L.
314 2818 458 2873 Sulla,
486 2820 682 2881 pecunia
719 2826 928 2882 accepta,
956 2835 1012 2865 ex
1047 2825 1236 2865 senatus
1271 2820 1484 2866 consulto
1509 2820 1671 2865 libera-

78 2893 232 2947 visset,
259 2899 314 2939 ut
349 2909 418 2939 eae
451 2909 612 2939 rursus
637 2893 892 2956 vectigales
928 2899 1097 2947 essent,
1134 2909 1285 2954 neque
1320 2893 1373 2939 iis
1410 2893 1669 2955 pecuniam,

79 2982 219 3029 quam
244 2983 329 3030 pro
352 2968 567 3014 libertate
587 2967 827 3022 dederant,
847 2968 1164 3014 redderemus.
1222 2968 1306 3012 Est
1327 2967 1366 3013 ei
1391 2972 1578 3012 senatus
1602 2981 1671 3011 as·
1701 2967 1720 3014 7

81 3056 252 3087 sensus.
312 3042 469 3104 Turpe
493 3041 700 3104 imperio.
758 3041 1021 3087 Piratarum
1047 3041 1167 3087 enim
1192 3041 1352 3087 melior
1376 3040 1505 3093 fides,
1532 3056 1673 3101 quam
