2054 3470
672 299 808 328 Lmen
834 298 881 328 11.
954 296 1061 327 CAI‘.
1092 296 1158 326 111.
1695 283 1754 324 59

76 409 179 472 quid
205 403 440 470 sequatur.
513 408 630 463 Quae
654 406 774 451 enim
800 410 924 451 esset
954 405 1043 450 ista
1067 419 1211 456 mens,
1239 403 1311 448 vel
1336 417 1443 464 quae
1469 401 1561 446 vita
1587 417 1667 463 po·
1698 406 1753 446 12

72 485 175 539 tius,
195 499 287 529 non
306 482 447 528 modo
467 481 749 544 disputandi,
770 480 853 525 sed
873 480 1013 525 etiam
1032 478 1218 523 vivendi
1242 477 1418 522 ratione
1443 475 1667 522 sublata?

71 558 170 605 Nos
206 564 378 611 autem,
404 563 458 602 ut
493 555 633 602 ceteri
669 555 758 601 alia
793 560 935 608 certa,
962 554 1051 599 alia
1075 553 1251 599 incerta
1275 567 1376 597 esse
1402 551 1577 603 dicunt,
1605 550 1668 595 sic
1700 554 1755 595 13

68 634 128 679 ab
145 633 215 678 his
234 631 572 684 dissentientes,
593 630 681 676 alia
701 629 975 692 probabilia,
998 634 1159 675 contra
1178 627 1267 673 alia
1286 626 1497 672 dicimus.
1547 624 1670 680 Quid
1702 628 1755 669 14

69 713 140 753 cst
163 707 318 770 igitur,
340 705 467 768 quod
491 721 567 751 me
591 704 831 766 impediat,
853 719 908 749 ea
932 719 1039 765 quae
1064 702 1322 764 probabilia
1346 700 1459 746 mihi
1482 699 1670 745 videan-

69 788 157 836 tur,
184 781 352 843 sequi?
388 795 496 842 quae
534 785 709 832 contra,
735 778 1032 841 improbare;
1070 782 1212 838 atque
1249 775 1509 821 affirmandi
1545 790 1669 820 arro-

69 855 273 919 gantiam
296 855 536 908 vitantcm,
562 854 727 916 fugere
751 852 1079 906 temeritatem,
1106 867 1213 913 quae
1237 867 1264 896 a
1289 850 1515 912 sapientia
1540 849 1669 895 dissi-

69 932 150 977 det
185 929 479 992 plurimum‘?
515 945 519 948 ·
551 929 727 974 Contra
761 934 921 973 autem
957 927 1111 973 omnia
1138 926 1405 988 disputatur
1436 940 1463 970 a
1487 924 1670 978 nostris,
1700 929 1757 971 15

69 1005 195 1068 quod
220 1005 308 1050 hoc
332 1005 486 1066 ipsum
510 1003 751 1066 probabile
776 1002 959 1048 elucere
983 1018 1075 1054 non
1099 1001 1260 1064 possit,
1282 1000 1368 1045 nisi
1391 1016 1448 1045 ex
1472 1004 1672 1061 utraque

70 1086 202 1143 parte
235 1095 479 1126 causarum
513 1083 638 1124 esset
671 1077 798 1123 facta
833 1076 1079 1123 contentio.
1150 1075 1245 1122 Sed
1285 1076 1388 1121 haec
1425 1075 1674 1137 explanata
1701 1077 1759 1118 16

69 1161 178 1200 sunt
200 1154 245 1200 in
268 1153 566 1200 Academicis
590 1152 760 1198 nostris
784 1152 910 1205 satis,
936 1158 990 1197 ut
1013 1151 1227 1205 arbitror,
1253 1149 1511 1213 diligenter.
1571 1148 1675 1195 Tibi
1702 1148 1758 1194 17

68 1235 240 1283 autem,
267 1229 331 1274 mi
356 1228 534 1281 Cicero,
562 1242 849 1289 quamquam
873 1227 919 1272 in
943 1225 1266 1288 antiquissima
1296 1224 1674 1286 nobilissimaque

71 1303 380 1368 philosophia,
427 1301 655 1364 Cratippo
702 1307 909 1355 auctore,
953 1300 1165 1354 versaris,
1209 1300 1262 1345 iis
1309 1298 1553 1352 simillimo,
1596 1298 1675 1360 qui

70 1380 157 1425 ista
182 1378 410 1441 praeclara
434 1381 718 1439 pepererunt
738 1391 748 1430 ;
774 1381 933 1421 tamen
956 1375 1062 1421 haec
1081 1380 1256 1429 nostra,
1277 1373 1469 1419 finitima
1494 1373 1674 1427 vestris,

71 1455 230 1517 ignota
253 1468 355 1498 esse
379 1451 519 1498 nolui.
592 1450 688 1496 Sed
709 1450 809 1513 jam
834 1450 894 1496 ad
921 1450 1134 1496 instituta
1158 1465 1427 1512 pergamus.

137 1605 228 1650 HI.
258 1602 472 1665 Quinque
491 1601 635 1665 igitur
652 1600 907 1647 rationibus
928 1599 1178 1664 propositis
1198 1599 1332 1645 officii
1351 1597 1676 1661 persequendi,

72 1695 267 1741 quarum
280 1678 388 1724 duae
404 1677 464 1723 ad
476 1677 619 1723 decus
633 1676 1023 1738 honestatemque
1040 1674 1340 1737 pertinerent,
1355 1674 1464 1719 duae
1480 1673 1540 1718 ad
1552 1689 1677 1719 com-

73 1754 210 1800 moda
236 1753 356 1813 vitae‚
387 1751 559 1815 copias,
587 1767 716 1814 opes,
743 1751 1009 1805 facultates,
1036 1750 1198 1813 quinta
1223 1749 1284 1794 ad
1318 1748 1520 1812 eligendi
1551 1747 1675 1811 judi-

73 1830 207 1883 cium,
246 1828 284 1874 si
318 1827 506 1890 quando
542 1842 610 1881 ea,
639 1842 745 1889 quae
778 1825 886 1880 dixi,
914 1841 1129 1888 pugnare
1162 1824 1283 1870 inter
1307 1840 1356 1869 se
1381 1823 1676 1869 viderentur:

73 1903 329 1950 honestatis
354 1918 463 1966 pars
483 1902 697 1948 confecta
716 1906 800 1955 est,
823 1916 965 1962 quam
987 1900 1174 1963 quidem
1200 1899 1283 1945 tibi
1309 1898 1447 1961 cupio
1473 1913 1574 1944 esse
1598 1913 1678 1960 no-

17 2037 25 2041 -
76 1979 312 2025 tissimam.
383 1978 488 2023 Hoc
525 1982 697 2029 autem,
727 1975 786 2021 de
812 1991 905 2037 quo
937 1991 1059 2020 nunc
1096 1975 1293 2037 agimus,
1319 1973 1366 2018 id
1402 1964 1556 2035 ipsum
1592 1977 1676 2025 est,
1706 1976 1732 2018 2

75 2053 200 2115 quod
239 2052 380 2098 utile
418 2051 698 2114 appellatur.
768 2050 825 2095 In
862 2065 955 2111 quo
990 2049 1124 2111 lapsa
1163 2048 1454 2094 consuetudo
1489 2046 1679 2093 deflexit
1705 2052 1732 2092 3

43 2129 135 2174 ‘de
166 2128 252 2181 via,
287 2127 550 2188 sensimque
586 2141 640 2171 eo
677 2124 883 2170 deducta
920 2129 1005 2178 est,
1041 2130 1094 2169 ut
1128 2124 1424 2169 honestatem
1460 2122 1520 2168 ab
1556 2121 1678 2167 utili-

77 2212 172 2248 tate
198 2217 441 2248 secernens
468 2200 784 2253 constitueret,
807 2214 908 2245 esse
932 2199 1183 2245 honestum
1207 2197 1393 2260 aliquid,
1416 2196 1544 2259 quod
1568 2196 1680 2242 utile

76 2293 167 2323 non
192 2282 328 2331 esset,
355 2281 403 2322 et
437 2275 563 2330 utile,
591 2274 719 2337 quod
743 2290 837 2320 non
868 2275 1147 2320 honestum:
1185 2288 1277 2335 qua
1301 2272 1430 2317 nulla
1454 2270 1681 2334 pernicies

77 2353 226 2415 major
248 2351 491 2398 hominum
514 2351 623 2397 vitae
648 2349 803 2413 potuit
826 2349 992 2396 afferri.
1053 2348 1248 2394 Summa
1268 2347 1458 2410 quidem
1481 2345 1679 2392 auctori·
1706 2349 1734 2391 4

81 2433 178 2474 tate
214 2426 499 2490 philosophi,
526 2441 686 2472 severe
721 2441 833 2471 sane
866 2430 1008 2487 atque
1031 2424 1243 2477 honeste,
1270 2423 1374 2468 haeo
1398 2421 1487 2467 tria
1510 2435 1683 2485 genera

79 2502 284 2556 confusa,
313 2500 594 2564 cogitatione
619 2500 928 2563 distinguunt.
999 2498 1233 2560 Quicquid
1257 2497 1377 2544 enim
1400 2496 1582 2560 justum
1606 2494 1678 2550 sit,
1707 2501 1733 2542 5

79 2577 124 2623 id
143 2576 283 2624 etiam
301 2577 414 2622 utile
433 2591 534 2622 esse
553 2581 769 2622 censent:
806 2575 1010 2637 itemque
1029 2573 1157 2636 quod
1175 2574 1438 2638 honestum,
1458 2570 1582 2616 idem
1604 2569 1679 2633 ju-

79 2658 217 2698 stum.
288 2652 363 2697 Ex
387 2666 480 2713 quo
505 2650 716 2705 efficitur,
743 2655 810 2705 ut,
837 2648 1058 2711 quicquid
1093 2648 1344 2694 honestum
1379 2646 1451 2700 sit,
1477 2645 1600 2692 idem
1624 2644 1684 2690 sit

82 2727 205 2773 utile.
277 2726 415 2781 Quod
439 2725 518 2787 qui
550 2741 717 2788 parum
743 2723 1044 2787 perspiciunt,
1071 2722 1120 2769 hi
1144 2737 1271 2784 saepe
1296 2726 1509 2768 versutos
1533 2719 1681 2766 homi·
1708 2722 1735 2764 6

82 2817 162 2847 nes
203 2807 248 2847 et
290 2800 480 2847 callidos
521 2800 819 2854 admirantes,
863 2798 1088 2844 malitiam
1135 2796 1410 2859 sapientiam
1453 2794 1681 2858 judicant.

83 2878 292 2932 Quorum
319 2891 446 2921 error
470 2874 734 2936 eripiendus
760 2879 844 2928 est,
875 2873 1124 2935 opinioque
1160 2872 1308 2918 omnis
1334 2871 1395 2916 ad
1420 2886 1523 2916 eam
1549 2883 1680 2931 spem
1710 2866 1734 2913 Ἰ

84 2950 386 3005 traducenda,
412 2955 466 2995 ut
497 2949 705 2994 honestis
732 2949 930 2995 consiliis
963 2948 1198 3011 justisque
1222 2946 1371 3000 factis,
1398 2960 1491 2990 non
1516 2942 1682 2988 fraude

85 3031 130 3072 et
152 3025 340 3080 malitia,
369 3040 417 3070 se
441 3023 702 3086 intelligant
725 3038 794 3077 ea,
822 3039 929 3085 quae
954 3022 1110 3076 velint,
1139 3019 1360 3082 consequi
1385 3033 1538 3082 posse.

151 3101 269 3157 Quae
308 3115 422 3163 ergo
455 3098 516 3145 ad
551 3099 695 3143 vitam
735 3098 977 3143 hominum
1018 3095 1244 3142 tuendam
1287 3093 1535 3156 pertinent,
1575 3106 1680 3153 par·
1709 3094 1736 3137 8
