2054 3470
690 269 826 298 LIBER
854 268 900 299 11.
974 268 1082 298 CAP.
1110 269 1182 297 xx.
1718 252 1776 300 79

93 377 275 438 debent,
296 383 377 423 aut
401 393 494 432 eos,
515 392 631 439 quos
656 392 748 421 non
773 375 963 438 expedit
983 390 992 421 ε
1031 374 1067 420 si
1090 374 1428 437 imprudenteS,
1449 375 1689 438 negligen-

91 452 166 497 tiae
194 459 291 505 est;
328 451 366 497 si
389 452 600 506 scientes,
621 450 908 497 temeritatis.
979 448 1223 496 Utendum
1249 449 1388 495 etiam
1408 455 1480 495 est
1498 465 1690 495 excusa·
1719 454 1776 496 14

91 526 210 572 tione
235 527 460 572 adversus
486 542 579 580 θος,
605 541 723 588 quos
758 525 928 570 invitus
954 525 1180 578 offendas,
1207 539 1489 587 quacunque
1523 524 1689 586 possis,

90 617 231 663 quare
255 601 316 655 id,
338 601 468 663 quod
491 601 668 654 feceris,
690 615 882 646 necesse
906 599 1060 653 fuerit,
1081 615 1166 645 nec
1191 599 1325 645 aliter
1348 599 1503 644 facere
1528 606 1693 661 potue-

91 675 175 721 1is:
214 676 471 738 ceterisque
508 675 660 737 operis
696 680 744 721 et
778 674 937 720 officiis
974 674 1060 720 erit
1095 674 1157 728 id,
1186 673 1315 736 quod
1341 673 1564 719 violatum
1605 679 1692 728 est,

89 750 503 812 compensandum.

152 899 255 945 XX.
293 898 389 945 Sed
410 915 517 945 cum
537 899 583 944 in
600 898 865 945 hominibus
886 898 1104 961 juvandis
1121 905 1203 944 aut
1220 914 1372 945 mores
1392 898 1594 961 spectari
1612 904 1695 944 aut

90 974 276 1019 fortuna
311 974 486 1020 soleat:
525 974 656 1020 dictu
679 973 870 1035 quidem
905 980 977 1019 est
1013 974 1231 1036 proclive,
1259 973 1416 1036 itaque
1442 973 1588 1036 vulgo
1621 973 1688 1019 lo-

87 1054 307 1110 quuntur,
335 1064 383 1094 se
421 1048 467 1094 in
503 1048 738 1104 beneficiis
776 1049 1061 1094 collocandis
1101 1065 1254 1095 mores
1300 1048 1559 1102 hominum,
1595 1064 1690 1094 non

88 1130 321 1168 iortunam
357 1123 501 1185 sequi.
572 1124 786 1169 Honesta
811 1123 958 1169 oratio
982 1129 1068 1170 est.
1140 1123 1235 1169 Sed
1260 1123 1364 1185 quis
1389 1129 1461 1169 est
1486 1123 1692 1178 tandem,
1721 1129 1747 1169 2

86 1197 166 1259 qui
210 1197 360 1259 inopis
403 1205 451 1243 et
499 1197 662 1259 optimi
703 1198 787 1243 viri
822 1213 979 1244 causae
1023 1214 1116 1244 non
1164 1204 1433 1261 anteponat,
1470 1198 1516 1244 in
1552 1214 1697 1261 opera

87 1271 257 1326 danda,
278 1271 480 1335 gratiam
499 1272 723 1318 fortunati
743 1278 790 1318 et
809 1273 1013 1335 potentis
1033 1273 1054 1318 ἱ)
1108 1273 1156 1319 Α
1175 1289 1269 1335 quo
1295 1273 1417 1319 enim
1435 1274 1696 1336 expeditior
1721 1279 1747 1319 3

88 1352 135 1392 et
160 1347 353 1393 celerior
375 1346 689 1392 remuneratio
713 1347 811 1393 fore
832 1347 1030 1401 videtur,
1052 1347 1098 1393 in
1123 1364 1232 1393 eum
1257 1348 1355 1393 fere
1381 1353 1453 1394 est
1475 1348 1695 1394 voluntas

87 1428 244 1467 nostra
261 1421 548 1484 propensior.
587 1421 683 1468 Sed
700 1421 1168 1468 animadvertendum
1189 1429 1261 1468 est
1281 1422 1564 1486 diligentius,
1586 1439 1693 1485 quae
1721 1428 1749 1468 4

88 1502 254 1542 natura
293 1513 450 1543 rerum
488 1496 561 1542 sit.
632 1497 868 1542 Nimirum
910 1497 1032 1542 enim
1074 1497 1209 1559 inops
1248 1497 1338 1551 ille,
1365 1498 1403 1543 si
1438 1498 1590 1544 bonus
1626 1505 1697 1544 est

89 1571 167 1625 vir,
195 1571 377 1617 etiamsi
401 1571 573 1617 referre
608 1571 810 1634 gratiam
845 1587 937 1617 non
973 1578 1142 1634 potest,
1170 1573 1345 1618 habere
1371 1579 1496 1618 certe
1523 1579 1694 1636 potest.

89 1645 348 1691 Commode
373 1652 547 1700 autem,
565 1646 830 1708 quicunque
856 1646 985 1701 dixit,
1015 1647 1261 1709 pecuniam
1289 1647 1368 1709 qui
1392 1648 1579 1702 habeat,
1605 1664 1697 1694 non
1723 1656 1748 1695 5

89 1720 346 1766 reddidisse
364 1737 374 1775 ;
411 1721 493 1783 qui
516 1720 784 1775 reddiderit,
801 1737 895 1767 non
914 1722 1088 1768 habere
1107 1738 1115 1767 :
1153 1722 1356 1785 gratiam
1373 1730 1531 1768 autem
1551 1729 1599 1769 et
1618 1723 1697 1786 qui

89 1795 307 1849 retulerit,
339 1796 545 1850 habere;
583 1803 630 1841 et
663 1796 741 1858 qui
765 1796 952 1851 habeat,
978 1797 1207 1843 retulisse.
1279 1798 1363 1851 At,
1391 1798 1470 1859 qui
1495 1813 1544 1843 se
1568 1798 1694 1844 locu·
1724 1803 1750 1844 6

90 1870 256 1931 pletes,
284 1871 553 1925 honoratOS‚
581 1871 746 1917 beatos
772 1877 956 1933 putant,
983 1871 1011 1916 ii
1036 1887 1092 1917 ne
1118 1871 1315 1935 obligari
1341 1872 1531 1934 quidem
1556 1873 1695 1919 bene-

89 1944 192 1990 ficio
216 1945 408 2000 volunt;
445 1945 557 2008 quin
594 1946 736 1992 etiam
775 1946 1051 1991 beneficium
1087 1962 1137 1992 se
1173 1947 1359 1992 dedisse
1395 1947 1693 2002 arbitrantur,

90 2036 197 2065 cum
224 2019 313 2083 ipsi
339 2020 550 2083 quamvis
574 2036 800 2083 magnum
836 2020 1025 2082 aliquod
1061 2021 1353 2083 acceperint3
1389 2027 1532 2084 atque
1557 2022 1696 2068 etiam

92 2110 119 2139 a
145 2110 194 2141 se
219 2101 302 2140 aut
326 2095 555 2158 postulari
589 2101 672 2140 aut
706 2095 945 2157 expectari
979 2095 1153 2157 aliquid
1179 2095 1503 2158 suspicantur:
1541 2103 1696 2159 patro-

90 2169 208 2215 cinio
233 2185 344 2216 vero
369 2185 419 2215 se
442 2185 553 2216 usos
578 2175 661 2215 aut
686 2170 876 2216 clientes
896 2170 1136 2232 appellari,
1159 2171 1319 2216 mortis
1343 2170 1489 2216 instar
1513 2177 1694 2234 putant.

89 2245 161 2290 At
184 2260 295 2290 vero
330 2244 406 2291 ille
440 2245 608 2299 tenuis,
636 2261 757 2299 cum,
786 2245 1008 2307 quicquid
1033 2245 1213 2291 factum
1238 2246 1312 2300 sit,
1338 2261 1387 2291 se
1413 2252 1695 2308 spectatum,
1727 2252 1750 2293 7

91 2335 183 2365 non
201 2319 439 2373 fortunam
459 2325 609 2383 putat,
627 2335 720 2365 non
745 2319 888 2366 modo
913 2320 992 2374 illi,
1014 2320 1094 2382 qui
1119 2325 1193 2365 est
1212 2320 1425 2375 meritus,
1449 2320 1531 2367 sed
1559 2321 1698 2367 etiam

89 2394 191 2449 illis,
217 2410 245 2440 a
269 2394 439 2457 quibus
475 2400 695 2457 expectat
723 2392 852 2458 (eget
887 2395 1009 2441 enim
1044 2394 1229 2457 multis)
1253 2402 1444 2459 gratum
1479 2412 1528 2442 se
1554 2396 1698 2442 videri

93 2469 280 2515 studete:
316 2485 469 2532 neque
493 2486 603 2515 vero
628 2470 781 2516 verbis
824 2481 967 2533 auget
1002 2486 1140 2516 suum
1175 2487 1362 2524 munus,
1389 2471 1425 2516 si
1450 2487 1542 2533 quo
1577 2472 1697 2517 forte

90 2544 310 2607 fungitur,
329 2544 414 2590 sed
439 2544 578 2590 etiam
602 2551 841 2593 extenuat.
911 2545 1278 2607 Videndumque
1302 2545 1419 2591 illud
1445 2552 1530 2600 est,
1550 2546 1693 2608 quod,
1723 2552 1749 2593 8

91 2618 128 2664 si
151 2619 424 2680 opulentum
462 2619 847 2682 fortunatumque
873 2619 1154 2675 defenderis,
1180 2620 1227 2666 in
1251 2637 1345 2666 uno
1367 2621 1445 2666 illo
1469 2627 1553 2667 aut
1575 2622 1697 2668 forte

98 2692 143 2738 in
168 2693 323 2738 liberis
361 2693 462 2756 ejus
497 2700 656 2740 manet
680 2695 859 2757 gratia3
896 2695 965 2741 sin
989 2700 1148 2740 autem
1173 2694 1374 2757 inopem,
1401 2696 1603 2757 probum
1628 2702 1695 2742 ta-

97 2783 202 2812 men
227 2773 274 2813 et
298 2767 581 2822 modestum,
610 2785 771 2815 omnes
795 2785 888 2816 non
912 2769 1114 2832 improbi
1137 2769 1338 2821 humiles
1374 2769 1503 2833 (quae
1525 2786 1697 2834 magna

93 2841 138 2888 in
179 2842 356 2904 populo
399 2843 654 2889 multitudo
696 2842 788 2908 est)
837 2844 1112 2907 praesidium
1147 2843 1233 2890 sibi
1268 2851 1486 2907 paratum
1521 2845 1695 2891 vident.

93 2916 412 2971 Quamobrem
446 2917 610 2963 melius
646 2919 775 2981 apud
807 2919 969 2973 bonos,
996 2934 1139 2981 quam
1162 2918 1291 2981 apud
1314 2919 1590 2973 fortunatos,
1617 2919 1695 2965 be·
1722 2923 1750 2966 9

94 2990 309 3037 neficium
334 2991 551 3038 collocari
575 2999 705 3054 puto.
777 2993 949 3039 Danda
984 2993 1170 3039 omnino
1207 3009 1350 3055 opera
1385 2982 1470 3048 est,
1496 2999 1550 3039 ut
1574 2993 1697 3040 omni
1724 2998 1782 3040 10

94 3064 251 3127 generi
275 3065 387 3111 satis
423 3066 577 3112 facere
613 3067 844 3129 possimus
865 3082 874 3113 :
913 3067 995 3112 sed
1021 3067 1059 3112 si
1084 3083 1156 3112 res
1181 3067 1227 3112 in
1252 3067 1595 3114 contentionem
1618 3083 1695 3114 ve-
