2054 3470
621 239 762 268 LIBER,
786 239 855 268 111.
929 239 1037 269 CAP.
1064 239 1219 269 XXVII.
1689 230 1782 272 115

95 344 153 390 de
178 345 317 391 Ulixe
344 345 469 391 nulla
494 345 697 407 suspicio
733 344 840 409 est),
867 345 950 391 sed
985 346 1251 392 insimulant
1286 361 1395 392 eum
1429 347 1694 411 tragoediae,

93 419 383 466 simulatione
424 421 614 466 insaniae
660 420 872 466 militiam
919 421 1251 484 subterfugere
1299 421 1515 468 voluisse.
1586 423 1633 469 N
1637 439 1696 470 on
1721 430 1747 471 2

93 496 342 542 honestum
383 495 636 542 consilium.
707 496 779 541 At
819 496 947 550 utile,
984 503 1038 542 ut
1075 497 1240 559 aliquis
1274 497 1472 543 fortasse
1509 497 1692 553 dixerit,

92 586 289 633 regnare
315 576 362 616 et
387 571 566 616 Ithacae
591 571 744 616 vivere
769 570 916 617 otiose
952 587 1060 617 cum
1086 572 1371 633 parentibus,
1400 589 1507 618 cum
1532 589 1690 628 uxore,

92 661 198 691 cum
223 645 328 691 filio.
399 645 564 690 Ullum
589 651 641 691 tu
665 645 809 690 decus
842 645 887 690 in
912 646 1192 707 quotidianis
1226 647 1466 693 laboribus
1501 654 1548 694 et
1573 649 1692 711 peri-

91 720 206 766 culis
231 736 338 766 cum
363 720 451 765 hac
476 720 811 782 tranquillitate
837 721 1171 766 conferendum
1207 722 1386 784 putas?
1455 722 1559 785 Ego
1584 739 1693 769 vero
1721 730 1746 769 3

91 800 227 842 istam
252 794 639 842 contemnendam
663 800 710 840 et
734 795 1043 857 abjiciendam
1064 811 1073 841 ε
1112 796 1344 858 quoniam,
1366 812 1473 859 quae
1497 797 1693 843 honesta

90 885 180 916 non
204 870 276 924 sit,
303 885 361 915 ne
384 869 547 915 utilem
572 868 760 931 quidem
786 885 888 915 esse
925 870 1138 918 arbitror.
1210 871 1335 926 Quid
1361 871 1483 917 enim
1507 872 1691 918 auditu·
1720 879 1745 918 4

90 961 194 990 rum
220 950 361 1006 putas
384 944 527 990 fuisse
552 944 752 1000 Ulixem,
781 944 817 990 si
841 944 886 990 in
920 945 998 990 illa
1032 945 1325 992 simulatione
1350 947 1689 1008 perseveravis-

89 1019 200 1064 set‘?
237 1019 315 1080 qui
340 1035 447 1065 cum
471 1019 698 1065 maximas
723 1034 796 1064 res
831 1021 1028 1083 gesserit
1053 1021 1098 1066 in
1122 1021 1261 1076 bello,
1289 1027 1446 1067 tamen
1471 1023 1573 1068 haec
1610 1038 1690 1069 au·

89 1093 186 1139 diat
211 1094 270 1138 ab
296 1093 447 1156 Ajace
470 1109 479 1139 :

361 1168 506 1228 Cujus
530 1169 621 1228 ipse
637 1170 852 1228 princeps
864 1170 994 1229 juris
1004 1170 1208 1229 jurandi
1217 1172 1337 1231 fait,

362 1243 498 1301 Quod
521 1259 670 1288 omnes
694 1244 829 1298 scilic,
857 1245 982 1289 solas
1004 1246 1199 1304 nesslexit
1214 1246 1375 1306 fidem.

351 1318 526 1364 Furere
548 1319 832 1373 assimulare,
859 1336 914 1364 ne
936 1320 1083 1375 coiret,
1111 1321 1292 1368 institit.

362 1393 496 1451 Quod
519 1394 569 1438 ni
594 1394 865 1439 Palamedis
875 1396 1114 1454 perspicax
1128 1396 1383 1454 prudentia

353 1467 502 1514 Istius
517 1477 745 1529 percepset
769 1471 1050 1516 malitiosam
1076 1472 1334 1526 audaciam,

352 1544 404 1589 F
400 1544 470 1589 ide
493 1551 683 1589 sacratae
695 1545 780 1605 jas
796 1547 1228 1606 perpetaofalleret.

89 1621 162 1666 [lli
187 1635 295 1665 vero
320 1635 411 1664 non
435 1619 577 1664 modo
605 1636 710 1665 cum
731 1620 958 1673 hostibuS,
978 1636 1141 1666 verum
1157 1621 1296 1666 etiam
1323 1639 1430 1668 cum
1455 1622 1687 1678 fluctibuS,
1719 1633 1743 1673 Ξ

87 1695 133 1741 id
158 1693 285 1756 quod
312 1693 435 1746 fecit,
463 1693 683 1739 dimicare
708 1694 873 1739 melius
899 1694 1001 1748 fuit,
1030 1711 1172 1756 quam
1210 1695 1424 1743 deserere
1461 1700 1688 1745 consent-i-

88 1775 242 1814 entem
271 1767 504 1813 Graeciam
530 1767 591 1813 ad
617 1769 792 1814 bellum
817 1769 1026 1815 barbaris
1051 1770 1358 1817 inferendum.

153 1918 248 1964 Sed
296 1917 569 1964 omittamus
605 1924 653 1964 et
698 1919 897 1973 fabulas,
936 1925 983 1965 et
1029 1925 1241 1966 externa:
1279 1921 1337 1966 ad
1381 1938 1480 1967 rem
1520 1922 1690 1969 factam
1719 1929 1744 1969 6

89 2000 388 2054 nostramque
413 1993 668 2039 veniamus.
739 1993 802 2039 M.
834 1994 1005 2040 Atilius
1042 1994 1356 2058 Regulus,
1385 2013 1492 2042 cum
1529 1999 1690 2043 consul
1720 2000 1742 2044 7

85 2068 253 2115 iterum
280 2067 326 2113 in
344 2067 507 2113 Africa
526 2083 583 2113 ex
608 2067 781 2113 insidiis
807 2074 975 2130 captus
1000 2075 1139 2122 esset,
1162 2069 1281 2115 duce
1305 2070 1578 2134 Xanthippo
1604 2073 1690 2118 La-

87 2142 388 2196 cedaemonio,
427 2141 710 2204 imperatore
745 2148 903 2189 autem
936 2149 1071 2205 patre
1107 2143 1382 2190 Hannibalis
1408 2145 1688 2200 Hamilcare,

85 2219 269 2281 juratus
294 2216 462 2262 missus
487 2222 559 2263 est
583 2216 644 2262 ad
680 2224 908 2272 senatum,
935 2224 1002 2272 ut,
1028 2217 1114 2264 nisi
1148 2218 1319 2265 redditi
1354 2228 1509 2267 essent
1532 2222 1690 2268 Poenis

85 2292 258 2354 captivi
281 2291 460 2338 nobiles
495 2291 701 2353 quidam,
738 2292 912 2339 rediret
946 2293 1047 2355 ipse
1079 2293 1436 2357 Karthaginem.
1510 2298 1556 2342 Is
1582 2314 1688 2343 cum
1723 2305 1741 2345 3

85 2368 284 2413 Romam
308 2366 524 2420 venisset,
560 2366 773 2412 utilitatis
809 2367 1014 2429 speciem
1048 2367 1252 2422 videbat,
1280 2369 1363 2415 sed
1389 2386 1503 2424 eam,
1532 2378 1584 2417 ut
1619 2389 1689 2418 res

87 2441 306 2495 declarat,
332 2440 499 2486 falsam
519 2440 748 2502 judicavit
769 2456 778 2486 ε
816 2457 923 2503 quae
942 2447 1043 2487 erat
1066 2442 1171 2488 talis
1193 2458 1202 2489 ;
1239 2459 1428 2490 manere
1454 2445 1497 2490 in
1524 2447 1686 2507 patria,

87 2531 185 2561 esse
211 2515 338 2561 domi
373 2531 471 2560 suae
500 2531 609 2560 cum
644 2531 803 2570 uxore,
831 2532 939 2562 cum
973 2516 1161 2570 liberis;
1199 2533 1340 2578 quam
1377 2519 1689 2567 calamitatem

89 2589 347 2652 accepisset
370 2589 415 2635 in
439 2589 576 2643 bello,
605 2605 901 2636 communem
924 2590 1127 2636 fortunae
1161 2591 1346 2638 bellicae
1381 2593 1687 2655 judicantem,

89 2671 244 2712 tenere
281 2663 538 2709 consularis
577 2663 814 2727 dignitatis
851 2664 1067 2727 gradum.
1141 2666 1256 2721 Quis
1281 2667 1383 2713 haec
1419 2676 1561 2731 neget
1587 2685 1687 2715 esse

87 2739 251 2785 utilia?
307 2738 459 2793 Quem
485 2739 682 2784 censes?
731 2739 1012 2802 Magnitudo
1037 2740 1175 2786 animi
1199 2746 1248 2786 et
1280 2741 1507 2788 fortitudo
1533 2752 1687 2806 negat.

90 2813 288 2860 XXVII.
327 2812 456 2857 Num
480 2811 809 2873 locupletiores
834 2814 1004 2875 quaeris
1036 2816 1289 2862 auctores?
1360 2817 1543 2863 Harum
1569 2819 1688 2863 enim

87 2895 156 2933 est
199 2887 427 2933 virtutum
474 2886 730 2948 proprium,
767 2888 880 2934 nihil
926 2889 1244 2944 extimescere,
1289 2891 1442 2936 omnia
1487 2892 1690 2937 humana

88 2961 340 3024 despicere,
367 2960 494 3014 nihil,
522 2960 650 3022 quod
685 2962 860 3010 homini
898 2963 1110 3008 accidere
1140 2965 1302 3025 possit,
1339 2965 1689 3011 intolerandum

89 3042 265 3102 putare.
336 3035 506 3099 Itaque
548 3035 660 3099 quid
707 3035 854 3081 feeit?
926 3037 981 3081 In
1029 3045 1243 3082 senat-um
1290 3039 1430 3089 venit,
1470 3039 1689 3085 mandata
1716 3046 1740 3088 2

500 3111 521 3145 6
