2054 3470
275 271 335 313 58
846 274 849 276 ’
960 278 1021 307 DE
1049 278 1257 308 oramus

355 387 611 432 nestissime
638 386 873 432 molestias
899 401 1037 448 posse
1063 384 1247 447 deponi,
1269 384 1307 430 si
1331 399 1406 429 me
1430 383 1490 429 ad
1516 380 1864 446 philosophiam
1888 398 1946 429 re>

357 461 578 506 tulissem.
653 461 741 506 Cui
766 474 874 506 cum
898 460 1100 505 multum
1124 459 1397 505 adolescens
1433 458 1643 504 discendi
1678 474 1818 504 causa
1841 463 1955 504 tem-

356 536 480 597 poris
504 536 784 589 tribuissem,
813 541 1122 597 posteaquam
1157 532 1412 579 honoribus
1445 532 1666 578 inservire
1698 532 1836 595 coepi,
1863 547 1958 578 me-

359 627 448 671 que
475 617 627 656 totum
651 609 718 656 rei
744 609 948 672 publicae
973 608 1158 663 tradidi,
1187 613 1371 654 tantum
1396 613 1496 653 erat
1521 607 1830 670 philosophiae
1855 606 1958 661 loci,

354 692 581 746 quantum
607 684 903 747 superfuerat
927 682 1182 728 amicorum
1206 688 1253 728 et
1277 682 1342 728 rei
1367 682 1569 744 publicae
1592 681 1830 744 temporis.
1900 681 1957 727 Id

355 766 513 804 autem
537 774 672 804 omne
699 758 1064 804 consumebatur
1088 757 1133 802 in
1157 756 1359 820 legendo
1379 773 1389 811 ;
1427 756 1661 802 scribendi
1696 756 1842 802 otium
1867 772 1958 801 non

355 840 467 880 erat.
519 834 583 880 ΙΙ.
612 833 825 879 Maximis
851 832 995 895 igitur
1018 831 1063 877 in
1089 832 1221 878 malis
1248 832 1336 877 hoc
1356 837 1514 877 tamen
1538 831 1648 877 boni
1673 830 1876 877 assecuti
1895 831 1959 876 vi·

354 909 532 962 demur,
559 914 612 954 ut
638 924 693 954 ea
716 907 882 953 litteris
920 906 1264 959 mandaremus,
1294 922 1400 967 quae
1423 922 1507 951 nec
1533 911 1666 951 erant
1700 905 1811 951 satis
1849 911 1960 951 nota

304 988 327 1028 ‘2
354 983 537 1037 nostris,
566 988 612 1028 et
637 988 770 1028 erant
805 981 1068 1044 cognitione
1105 980 1389 1042 dignissima.
1462 980 1585 1035 Quid
1619 979 1739 1026 enim
1766 986 1850 1034 est,
1877 995 1960 1042 per

354 1058 481 1111 deos,
518 1057 772 1119 optabilius
807 1055 1072 1118 sapientia?
1110 1055 1222 1116 quid
1259 1055 1603 1116 praestantius?
1640 1054 1753 1116 quid
1788 1054 1959 1101 homini

302 1139 326 1178 3
354 1132 559 1178 melius?
603 1131 716 1193 quid
752 1131 938 1176 homine
974 1130 1198 1193 dignius?
1250 1130 1386 1175 Hanc
1422 1129 1565 1192 igitur
1599 1130 1678 1192 qui
1715 1135 1957 1192 expetunt,

355 1206 624 1269 philosophi
648 1205 975 1251 nominantur:
1012 1221 1098 1251 nec
1124 1204 1373 1267 quicquam
1400 1204 1527 1250 aliud
1553 1210 1625 1249 est
1648 1204 1958 1267 philosophia,

300 1286 328 1326 4
353 1282 391 1327 si
431 1281 725 1344 interpretari
758 1280 886 1334 velis,
933 1285 1106 1342 praeter
1147 1279 1355 1325 studium
1395 1279 1650 1341 sapientiae.
1722 1279 1960 1342 Sapientia

355 1362 515 1402 autem
539 1362 624 1410 est,
654 1354 729 1419 (ut
753 1370 781 1400 a
804 1355 1040 1400 veteribus
1076 1354 1369 1416 philosophis
1408 1353 1653 1400 definitum
1687 1353 1778 1417 est)
1805 1370 1960 1400 rerum

355 1431 615 1476 divinarum
641 1436 688 1476 et
713 1431 1022 1475 humanarum
1060 1444 1413 1490 causarumque,
1441 1429 1609 1491 quibus
1645 1429 1720 1475 hae
1754 1445 1828 1475 res
1854 1445 1958 1475 con-

355 1506 574 1560 tinentur,
602 1505 793 1551 scientia
814 1519 822 1550 :
852 1505 985 1567 cujus
1011 1504 1219 1549 studium
1245 1503 1324 1565 qui
1343 1503 1592 1565 vituperat,
1614 1503 1743 1549 haud
1769 1520 1878 1550 sane
1894 1504 1959 1549 in·

302 1588 329 1628 5
357 1581 529 1644 telligo,
558 1580 780 1643 quidnam
808 1580 881 1634 sit,
909 1579 1047 1641 quod‘
1062 1579 1350 1624 laudandum
1386 1584 1536 1641 putet.
1607 1578 1733 1624 Nam
1759 1579 1854 1625 sive
1879 1580 1958 1625 ob-

356 1656 543 1702 lectatio
580 1655 805 1718 quaeritur
840 1654 981 1699 animi
1014 1653 1292 1715 requiesque
1328 1669 1573 1708 eurarum;
1611 1670 1718 1716 quae
1763 1655 1959 1700 conferri

356 1747 463 1777 cum
489 1745 650 1777 eorum
670 1729 835 1775 studiis
856 1734 1027 1791 potest,
1048 1727 1127 1790 qui
1146 1743 1333 1790 semper
1352 1728 1526 1789 aliquid
1548 1729 1812 1790 anquirunt,
1834 1729 1959 1791 quod

357 1812 541 1869 spectet
576 1812 623 1852 et
658 1806 812 1850 valeat
853 1804 912 1849 ad
955 1805 1073 1850 bene
1115 1804 1346 1865 beateque
1381 1803 1663 1849 vivendum?
1706 1803 1802 1849 sive
1845 1805 1959 1850 ratio

358 1881 631 1927 constantiae
656 1879 930 1941 virtutisque
970 1878 1186 1932 ducitur;
1224 1884 1309 1923 aut
1347 1878 1449 1923 haec
1485 1893 1561 1923 ars
1596 1883 1680 1931 est,
1718 1884 1800 1924 aut
1834 1879 1959 1924 nulla

304 1961 329 2002 6
357 1956 557 2009 omnino,
593 1971 677 2018 per
711 1970 852 2016 quam
888 1969 965 1999 eas
1004 1968 1321 2014 assequamur.
1393 1952 1584 1998 Nullam
1625 1953 1778 1999 dicere
1816 1954 1957 1999 maxi-

356 2046 539 2076 marum
581 2046 736 2075 rerum
774 2034 923 2074 artem
960 2043 1076 2082 esse,
1106 2043 1212 2072 cum
1247 2026 1541 2073 minimarum
1576 2027 1671 2073 sine
1707 2035 1808 2074 arte
1833 2028 1959 2074 nulla

357 2105 429 2159 sit,
467 2105 709 2150 hominum
744 2110 816 2149 est
859 2119 1026 2166 parum
1069 2101 1361 2148 considerate
1402 2102 1693 2164 loquentium
1733 2108 1874 2165 atque
1914 2103 1958 2148 in

304 2182 328 2226 7
357 2179 569 2225 maximis
609 2180 750 2225 rebus
793 2177 1062 2224 errantium.
1136 2177 1186 2222 Si
1221 2183 1380 2222 autem
1417 2182 1489 2222 est
1528 2177 1683 2239 aliqua
1718 2177 1959 2239 disciplina

356 2255 570 2308 virtutis3
606 2254 687 2299 ubi
727 2269 782 2299 ea
817 2258 1067 2314 quaeretur,
1097 2267 1204 2297 cum
1239 2252 1299 2297 ab
1334 2252 1424 2297 hoc
1462 2252 1671 2297 discendi
1695 2268 1866 2314 genere
1892 2252 1957 2298 di-

303 2336 329 2375 8
357 2329 613 2375 scesseris‘?
685 2328 780 2374 Sed
829 2329 944 2381 haec,
991 2343 1098 2372 cum
1140 2326 1201 2371 ad
1249 2327 1594 2388 philosophiam
1642 2328 1956 2381 cohortamur,

356 2404 617 2450 accuratius
643 2402 873 2465 disputari
897 2402 1049 2447 solent
1070 2416 1078 2446 :
1106 2400 1233 2462 quod
1259 2401 1350 2446 alio
1375 2401 1581 2462 quodam
1605 2401 1722 2447 libro
1747 2401 1957 2450 fecimus·

304 2486 329 2526 9
360 2480 462 2525 Hoc
510 2485 669 2524 autem
710 2484 922 2539 tempore
966 2482 1148 2521 tantum
1188 2475 1323 2520 nobis
1367 2475 1699 2521 declarandum
1735 2476 1837 2530 fuit,
1875 2493 1957 2523 cur

357 2554 504 2600 orbati
545 2552 610 2598 rei
646 2552 848 2615 publicae
883 2551 1154 2596 muneribus
1189 2550 1249 2595 ad
1285 2551 1375 2595 hoc
1410 2566 1495 2596 nos
1531 2550 1738 2596 studium
1775 2551 1956 2613 potissi-

358 2645 488 2675 mum
514 2627 888 2674 contulissemus.

279 2707 330 2746 10
424 2702 695 2749 Occurritur
729 2708 888 2747 autem
926 2701 1072 2754 nobis,
1110 2705 1157 2745 et
1193 2700 1382 2763 quidem
1418 2716 1445 2746 a
1480 2700 1629 2746 doctis
1665 2706 1713 2746 et
1748 2700 1955 2754 eruditis,

355 2778 688 2840 quaerentibus,
726 2777 896 2822 satisne
932 2782 1202 2823 constanter
1235 2777 1390 2822 facere
1425 2775 1682 2830 videamur,
1719 2775 1812 2836 qui,
1851 2790 1956 2821 cum

359 2852 535 2915 percipi
558 2851 670 2898 nihil
695 2866 834 2913 posse
860 2850 1086 2906 dicamus,
1107 2856 1265 2897 tamen
1289 2856 1336 2896 et
1360 2849 1458 2895 aliis
1484 2849 1542 2896 de
1565 2850 1707 2896 rebus
1730 2849 1955 2895 disserere

355 2926 603 2980 soleamus,
631 2931 678 2971 et
701 2926 790 2971 hoc
816 2925 917 2987 ipso
942 2930 1153 2987 tempore
1180 2930 1422 2987 praecepta
1446 2924 1580 2970 officii
1606 2939 1954 2986 persequamur.

279 3005 327 3048 11
358 3000 538 3056 Quibus
557 3000 724 3046 vellem
744 3000 855 3045 satis
876 2999 1061 3062 cognita
1079 3006 1203 3045 esset
1222 2996 1381 3045 nostra
1399 2999 1641 3044 sententia.
1701 2998 1811 3044 Non
1834 2997 1953 3044 enim
2012 3002 2015 3003 ⁷

356 3071 518 3121 sumus
543 3074 585 3130 ii,
610 3090 805 3137 quorum
826 3080 1025 3136 vagetur
1048 3073 1227 3119 animus
1248 3089 1415 3127 errore,
1436 3089 1522 3119 nec
1541 3073 1713 3118 habeat
1731 3087 1952 3135 unquam¹

2050 570 2054 649 l

2048 689 2054 802 1
