2054 3470
660 272 801 302 LIBER.
836 272 886 302 11.
960 272 1068 303 CAP.
1106 273 1192 304 XII.
1708 271 1766 306 69

79 379 304 427 institutio
330 380 438 426 vitae
477 378 751 441 adjumenta
785 379 1028 425 hominum
1065 379 1314 434 desiderat,
1350 381 1395 426 in
1432 382 1683 444 primisque

79 461 132 500 ut
167 455 354 509 habeat,
381 454 659 516 quibuscum
695 454 842 516 possit
876 454 1123 501 familiares
1166 455 1375 501 conferre
1416 472 1680 502 sermones:

78 529 205 591 quod
231 535 302 575 est
328 529 524 582 difficile,
551 528 637 574 nisi
673 529 877 591 speciem
914 545 1012 591 prae
1037 535 1082 575 te
1109 530 1217 576 boni
1242 530 1323 576 viri
1349 531 1482 578 feras.
1553 531 1682 594 Ergo
1709 537 1734 578 6

79 604 218 650 etiam
243 604 444 650 solitario
469 603 642 650 homini
666 612 806 666 atque
830 604 876 649 in
901 620 1015 667 agro
1041 605 1181 650 vitam
1218 606 1377 669 agenti
1413 606 1566 668 opinio
1605 607 1678 669 ju-

79 679 216 725 stitiae
253 680 511 725 necessaria
552 685 649 724 est:
688 694 838 741 eoque
874 680 1014 725 etiam
1049 680 1212 742 magis,
1240 681 1366 742 quod
1401 697 1503 727 eam
1529 682 1567 727 si
1591 698 1683 727 non

80 755 333 808 habebunt,
372 753 531 816 injusti
565 753 879 808 habebuntur,
917 755 1054 800 nullis
1091 755 1316 817 praesidiis
1353 756 1486 818 septi,
1525 757 1683 802 multis

78 829 333 875 afficientur
357 828 547 891 injuriis.
600 829 762 891 Atque
787 829 839 874 iis
859 829 1012 883 etiam,
1035 830 1114 892 qui
1133 830 1355 885 vendunt,
1378 837 1553 885 emunt,
1576 847 1681 877 con-
1711 832 1735 879 7

76 906 270 959 ducunt,
296 905 465 959 locant,
493 905 913 967 contrahendisque
938 906 1136 968 negotiis
1168 906 1480 968 implicantur,
1503 907 1685 970 justitia

76 980 136 1025 ad
161 996 258 1026 rem
284 980 542 1043 gerendam
565 980 826 1026 necessaria
851 987 935 1026 est.
1009 981 1158 1043 Cujus
1184 988 1317 1027 tanta
1342 981 1409 1027 vis
1435 988 1520 1036 est,
1549 987 1603 1028 ut
1626 998 1683 1028 ne
1711 987 1738 1028 8

76 1055 138 1100 illi
173 1054 377 1117 quidem,
404 1055 484 1117 qui
517 1054 742 1100 maleficio
779 1060 826 1100 et
861 1055 1035 1101 scelere
1071 1062 1343 1118 pascuntur,
1370 1057 1550 1119 possint
1587 1057 1684 1103 sine

75 1130 172 1175 ulla
196 1130 427 1192 particula
447 1129 642 1192 justitiae
671 1128 838 1176 vivere.
910 1129 1033 1175 Nam
1059 1130 1137 1192 qui
1163 1146 1325 1177 eorum
1362 1131 1577 1193 cuipiam,
1606 1132 1685 1194 qui
1711 1138 1737 1179 9

77 1219 170 1250 una
199 1204 549 1258 latrocinantur,
575 1204 756 1249 furatur
792 1204 966 1266 aliquid
1002 1211 1084 1250 aut
1120 1205 1268 1267 eripit,
1294 1205 1332 1252 is
1358 1206 1444 1252 sibi
1467 1222 1524 1252 ne
1549 1206 1594 1252 in
1618 1207 1682 1253 la-

78 1278 267 1325 trOcinio
291 1279 481 1341 quidem
505 1278 720 1340 relinquit
742 1278 913 1325 locum.
985 1279 1072 1325 Ille
1097 1286 1270 1335 autem,
1298 1280 1377 1343 qui
1401 1281 1684 1344 archipirata

76 1353 259 1408 dicitur,
285 1353 372 1400 nisi
397 1353 692 1416 ‘aequabiliter
726 1353 942 1416 praedam
978 1353 1236 1416 dispertiat,
1264 1361 1347 1401 aut
1381 1355 1686 1402 interficiatur

76 1445 104 1476 a
119 1428 267 1483 sociiS,
284 1434 366 1475 aut
383 1429 682 1491 relinquatur.
720 1427 842 1484 Quin
856 1427 996 1475 etiam
1010 1428 1140 1493 leges
1154 1429 1390 1478 latronum
1405 1447 1506 1478 esse
1523 1431 1683 1478 dicun·
1713 1437 1772 1477 10

76 1510 168 1560 tur,
194 1504 363 1567 quibus
389 1510 597 1567 pareant,
625 1520 742 1566 quas
769 1505 1032 1552 observent.
1104 1505 1273 1568 Itaque
1308 1513 1504 1570 propter
1529 1523 1683 1570 aequa-
1714 1513 1764 1553 11

77 1579 218 1626 bilem
255 1579 435 1642 praedae
460 1579 756 1642 partitionem
781 1585 828 1625 et
853 1579 1070 1642 Bardylis
1107 1580 1297 1643 Illyrius
1332 1582 1466 1635 latro,
1495 1581 1555 1628 de
1591 1598 1686 1644 quo

77 1660 150 1702 est
186 1654 316 1717 apud
353 1654 728 1716 Theopompum,
753 1669 950 1717 magnas
987 1670 1100 1717 opes
1137 1655 1314 1710 habuit,
1343 1662 1390 1702 et
1414 1657 1564 1702 multo
1589 1673 1683 1703 ma-

73 1731 200 1794 jores
224 1729 468 1775 Viriathus
491 1729 758 1783 LusitanUS,
787 1729 861 1775 cui
896 1729 1085 1792 quidem
1120 1730 1261 1776 etiam
1287 1732 1516 1778 exercitus
1541 1732 1685 1778 nostri

76 1805 476 1868 imperatoresque
518 1810 788 1851 cesserunt:
826 1821 966 1867 quem
1005 1805 1056 1851 O.
1094 1805 1280 1860 Laelius,
1308 1806 1360 1860 is,
1387 1807 1467 1869 qui
1503 1807 1687 1870 sapiens

77 1886 347 1943 usurpatur,
376 1885 551 1942 praetor
585 1879 725 1942 fregit
759 1885 807 1925 et
844 1879 1128 1934 comminuit,
1163 1881 1549 1944 ferocitatemque
1586 1883 1687 1945 ejus

77 1955 141 2002 ita
164 1954 399 2018 repressit,
425 1945 480 2000 ut
503 1954 637 2000 facile
665 1954 840 2000 bellum
866 1943 1053 2016 reliquis
1089 1955 1312 2002 traderet.
1386 1957 1508 2002 Cum
1526 1957 1687 2020 'igitur
1722 1963 1772 2003 12

82 2035 210 2076 tanta
234 2029 301 2075 vis
323 2029 518 2092 justitiae
543 2029 614 2083 sit,
642 2035 696 2074 ut
721 2044 775 2075 ea
801 2029 942 2074 etiam
967 2029 1203 2075 latronum
1228 2046 1341 2092 opes
1367 2031 1520 2077 firmet
1545 2040 1687 2094 atque

79 2109 268 2167 augeat,
296 2109 521 2166 quantam
546 2103 647 2166 ejus
673 2103 765 2149 vim
789 2103 910 2150 inter
943 2104 1073 2167 leges
1099 2111 1146 2150 et
1176 2105 1352 2167 judicia
1377 2112 1424 2152 et
1448 2106 1493 2153 in
1521 2107 1686 2153 consti-

78 2184 184 2225 tuta
205 2194 256 2225 re
280 2178 468 2241 publica
491 2178 590 2224 fore
615 2179 876 2241 putamus?
935 2179 1048 2226 XII.
1087 2179 1202 2225 Mihi
1227 2180 1417 2242 quidem
1441 2197 1534 2227 non
1559 2180 1687 2244 apud

79 2253 247 2299 Medos
270 2253 436 2307 solum,
462 2258 516 2298 ut
540 2252 604 2298 ait
629 2253 919 2307 Herodotus,
947 2253 1031 2300 sed
1058 2254 1197 2300 etiam
1225 2255 1355 2318 apud
1382 2256 1583 2318 majores
1608 2272 1687 2301 no-

80 2335 215 2382 stros
237 2327 432 2390 justitiae
467 2328 679 2375 fruendae
718 2344 859 2374 causa
882 2328 1102 2374 videntur
1136 2329 1246 2375 olim
1283 2331 1402 2376 bene
1426 2331 1594 2377 morati
1619 2347 1689 2377 re-

80 2419 164 2466 ges
188 2403 440 2449 constituti.
500 2402 629 2448 Nam
654 2420 761 2449 cum
787 2410 1080 2465 premeretur
1102 2403 1229 2450 initio
1255 2405 1509 2451 multitudo
1534 2407 1594 2452 ab
1620 2407 1687 2461 iis,
1718 2413 1742 2453 2

80 2478 159 2541 qui
181 2478 382 2541 majores
407 2493 521 2540 opes
546 2477 814 2524 habebant:
853 2477 914 2524 ad
940 2494 1084 2524 unum
1109 2479 1312 2541 aliquem
1339 2481 1687 2544 confugiebant,

81 2553 254 2599 virtute
290 2559 630 2616 praestantem;
667 2552 747 2615 qui
788 2569 895 2599 cum
931 2553 1202 2615 prohiberet
1237 2554 1405 2616 injuria
1440 2556 1688 2610 tenuiores,

84 2627 306 2690 aequitate
332 2626 659 2674 constituenda
694 2643 901 2673 summos
927 2644 1035 2674 cum
1058 2628 1224 2674 infimis
1251 2630 1351 2691 pari
1382 2630 1502 2692 jure,
1524 2631 1689 2677 retinc-

87 2703 178 2749 bat.
247 2701 522 2763 Eademque
547 2701 980 2748 constituendarum
1006 2703 1168 2766 legum
1192 2704 1280 2749 fuit
1306 2720 1461 2759 causa,
1488 2721 1596 2767 quae
1620 2721 1688 2752 re·
1717 2711 1743 2751 3

85 2793 211 2840 gum.
265 2775 295 2822 J
299 2792 354 2821 us
381 2776 503 2822 enim
528 2792 715 2839 semper
739 2782 809 2823 est
834 2777 1086 2839 quaesitum
1112 2779 1367 2840 aequabile:
1395 2795 1545 2842 neque
1571 2780 1692 2826 enim

86 2851 216 2897 aliter
250 2856 374 2897 esset
410 2850 502 2913 juS.
574 2851 631 2896 Id
657 2851 695 2897 si
718 2852 778 2898 ab
809 2868 902 2897 uno
933 2852 1065 2914 justo
1090 2859 1136 2898 et
1161 2854 1283 2899 bono
1308 2854 1404 2900 viro
1440 2870 1690 2915 conseque·
1717 2859 1745 2900 4

88 2925 269 2979 bantur,
297 2931 430 2971 erant
454 2940 509 2970 eo
533 2925 751 2972 contenti.
825 2926 948 2972 Cum
973 2926 1020 2972 id
1044 2927 1196 2973 minus
1234 2929 1535 2991 contingeret,
1563 2929 1692 2991 leges

89 3006 195 3045 sunt
219 3000 433 3053 inventae,
461 3015 568 3061 quae
603 3016 711 3046 cum
747 3001 960 3047 omnibus
997 3017 1183 3063 semper
1217 3018 1310 3047 una
1350 3010 1491 3064 atque
1528 3002 1693 3048 eadem

93 3089 203 3120 voce
226 3073 541 3137 loquerentur.
613 3074 742 3137 Ergo
766 3075 854 3120 hoc
875 3075 1064 3136 quidem
1090 3076 1388 3137 perspicuum
1416 3082 1501 3130 est,
1529 3092 1607 3122 eos
1632 3076 1694 3122 ad
1720 3084 1744 3123 5
