2054 3470
254 259 339 300 108
939 272 998 300 DE
1038 271 1249 301 OFFICHS

279 382 305 423 4
333 378 411 440 qui
436 378 706 433 admiratur,
735 379 771 424 is
796 395 859 433 se,
887 378 1000 442 quid
1025 378 1083 424 sit
1107 378 1176 424 vir
1200 378 1364 432 bonuS,
1392 377 1569 424 nescire
1595 378 1810 426 fateatur.
1870 379 1932 426 A<

331 470 443 500 vero
477 453 516 499 si
539 453 641 516 quis
666 454 864 499 voluerit
899 454 1037 500 animi
1071 453 1143 499 sui
1177 453 1507 516 complicatam
1541 453 1778 500 notionem
1814 453 1936 501 evol·

330 544 451 583 vere,
474 529 573 591 jam
610 545 659 575 se
694 529 794 591 ipse
820 528 1002 583 doceat,
1029 545 1137 575 eum
1174 529 1324 575 virum
1361 529 1538 575 bonum
1574 544 1690 584 esse,
1719 529 1798 592 qui
1833 546 1932 593 pro-

331 603 403 657 sit,
447 603 614 666 quibus
656 603 833 666 possit;
886 610 1054 649 noceat
1100 603 1286 658 nemini,
1329 603 1416 650 nisi
1461 603 1708 649 lacessitus
1756 604 1938 667 injuria.

275 685 302 725 5
332 678 456 734 Quid
481 695 596 741 ergo
617 679 637 725 ‘.⁷
674 678 747 724 hic
777 695 870 724 non
901 684 1081 733 noceat,
1109 678 1187 740 qui
1213 678 1419 741 quodam
1444 678 1578 740 quasi
1601 694 1780 725 veneno
1805 680 1939 742 perfi-

330 753 434 808 ciat,
456 761 509 800 ut
530 770 663 799 veros
688 754 887 799 heredes
913 759 1111 808 moveat,
1133 753 1178 799 in
1202 769 1363 799 eorum
1386 753 1543 799 locum
1567 753 1667 815 ipse
1687 753 1938 800 succedat‘*

275 834 301 874 6
330 829 438 875 Non
462 829 603 892 igitur
626 829 780 883 faciat,
803 828 970 874 dixerit
994 828 1110 890 quis,
1137 828 1265 890 quod
1289 828 1402 873 utile
1428 827 1501 882 sit,
1530 828 1657 890 quod
1684 828 1930 891 expediat*

330 905 482 949 Immo
518 904 760 967 intelligat,
788 903 901 949 nihil
925 919 1010 949 nec
1037 903 1273 965 expedire,
1299 919 1384 949 nec
1421 902 1534 948 utile
1572 918 1688 957 esse,
1716 903 1842 965 quod
1880 904 1933 948 sit

329 979 570 1042 injustum.
642 979 747 1025 Hoc
784 978 863 1041 qui
902 994 996 1024 non
1031 978 1259 1032 didicerit,
1304 978 1455 1024 bonus
1490 977 1560 1023 vir
1595 993 1695 1023 esse
1731 993 1825 1023 non
1860 994 1938 1040 po-

277 1057 301 1099 ’ῖ
329 1053 450 1100 terit.
520 1053 775 1099 Fimbriam
801 1053 1094 1099 consularem
1119 1052 1370 1098 audiebam
1394 1052 1453 1098 de
1478 1057 1611 1114 patre
1635 1057 1796 1099 nostro
1821 1069 1940 1115 puer

324 1128 534 1190 judicem
569 1127 633 1174 M.
661 1127 851 1173 Lutatio
883 1127 1087 1173 Pinthiae
1113 1127 1270 1182 fuisse,
1298 1127 1442 1189 equiti
1478 1128 1694 1173 Romano
1719 1143 1830 1174 sane
1855 1128 1935 1173 ho-

329 1209 476 1257 nesto,
507 1219 615 1249 cum
640 1202 676 1248 is
702 1202 1001 1265 sponsionem
1025 1202 1224 1256 fecisset,
1263 1218 1325 1248 NI
1359 1218 1461 1248 VIR
1496 1218 1690 1249 BONUS
1727 1218 1933 1257 Essem

328 1279 485 1340 itaque
511 1278 551 1324 ei
576 1277 745 1324 dixisse
770 1277 1038 1332 Fimbriam,
1066 1292 1116 1323 se
1148 1277 1276 1323 illam
1310 1293 1410 1323 rem
1441 1293 1681 1339 nunquam
1701 1277 1939 1340 judicatu-

328 1369 463 1408 rum;
500 1369 558 1398 ne
593 1358 675 1398 aut
715 1352 936 1414 spoliaret
971 1352 1098 1398 fama
1134 1352 1389 1415 probatum
1425 1352 1678 1407 hominem,
1706 1351 1743 1398 si
1777 1358 1940 1398 contra

325 1428 663 1491 judicavisset;
702 1434 785 1473 aut
820 1427 1038 1473 statuisse
1062 1427 1315 1481 videretur,
1344 1427 1495 1472 virum
1526 1427 1704 1472 bonum
1738 1443 1839 1473 esse
1864 1427 1940 1473 ali-

329 1519 482 1566 quem,
510 1519 618 1549 cum
655 1518 710 1548 ea
745 1519 818 1548 res
852 1502 1266 1549 innumerabilibus
1293 1502 1451 1548 officiis
1477 1507 1524 1547 et
1547 1501 1768 1547 laudibus
1796 1502 1939 1548 conti--

276 1585 302 1625 8
330 1584 531 1625 neretur.
603 1577 726 1624 Huic
767 1577 911 1641 igitur
945 1577 1041 1624 viro
1077 1578 1214 1632 bono,
1242 1592 1383 1639 quem
1418 1576 1625 1623 Fimbria
1661 1575 1819 1631 etiam,
1846 1592 1940 1623 non

328 1654 471 1700 modo
497 1653 715 1699 Socrates
748 1658 958 1707 noverat,
985 1653 1114 1699 nullo
1149 1652 1293 1698 modo
1319 1651 1466 1698 videri
1504 1656 1661 1714 potest
1687 1651 1942 1714 quicquam

276 1735 302 1776 9
331 1745 432 1776 esse
456 1729 584 1783 utile,
602 1728 729 1791 quod
754 1744 845 1774 non
871 1728 1123 1774 honestum
1149 1728 1220 1773 sit.
1275 1727 1444 1788 Itaque
1469 1727 1575 1772 talis
1594 1726 1663 1772 vir
1686 1742 1779 1772 non
1802 1726 1943 1772 modo

329 1805 497 1858 facere,
526 1804 609 1850 sed
635 1820 693 1849 ne
719 1803 929 1867 cogitare
955 1802 1145 1865 quidem
1171 1802 1421 1864 quicquam
1454 1801 1663 1856 audebit,
1690 1800 1818 1863 quod
1852 1817 1943 1846 non

251 1885 303 1926 10
331 1879 503 1925 audeat
528 1879 805 1941 praedicare.
866 1878 988 1924 Haec
1008 1894 1101 1924 non
1124 1883 1264 1940 turpe
1290 1882 1362 1923 est
1381 1876 1597 1923 dubitare
1622 1876 1941 1938 philosophos,

331 1972 438 2018 quae
482 1971 539 2002 ne
576 1955 737 2001 rustici
772 1954 963 2017 quidem
1004 1953 1262 2000 dubitent?
1304 1969 1332 1998 a
1368 1952 1537 2015 quibus
1573 1958 1738 1998 natum
1774 1957 1846 1998 est
1880 1952 1942 2006 id,

331 2030 458 2093 quod
496 2030 595 2093 jam
634 2029 887 2076 contritum
922 2034 994 2075 est
1032 2033 1266 2075 vetustate
1303 2027 1634 2091 proverbium:
1679 2043 1788 2073 cum
1824 2026 1943 2074 enim

331 2106 474 2152 fidem
509 2105 708 2168 alicujus
744 2104 1099 2166 bonitatemque
1133 2103 1345 2158 laudant,
1384 2102 1580 2166 dignum
1623 2117 1725 2148 esse
1767 2101 1942 2155 dicunt,

253 2186 303 2227 ll
333 2181 524 2243 quicum
549 2181 595 2227 in
619 2180 824 2227 tenebris
848 2179 1005 2225 mices.
1078 2179 1183 2225 Hoc
1209 2194 1350 2241 quam
1375 2178 1522 2224 habet
1545 2176 1654 2231 vim,
1681 2176 1770 2222 nisi
1800 2176 1942 2230 illam,

331 2256 445 2302 nihil
480 2256 716 2319 expedire,
744 2254 872 2317 quod
907 2270 1001 2300 non
1037 2253 1217 2307 deceat,
1245 2252 1426 2299 etiamsi
1460 2252 1508 2298 id
1544 2251 1695 2315 possis
1719 2251 1848 2297 nullo
1871 2266 1942 2297 re-

255 2337 306 2378 12
334 2331 523 2377 fellente
558 2330 808 2376 obtinere?
877 2329 1100 2382 Videsne,
1127 2329 1217 2374 hoc
1255 2327 1503 2390 proverbio
1537 2341 1690 2389 neque
1719 2325 1848 2389 Gygi
1882 2324 1945 2371 illi

334 2421 474 2469 posse
508 2405 692 2451 veniam
718 2403 833 2466 dari,
868 2419 1020 2466 neque
1055 2402 1178 2457 huic,
1208 2418 1350 2465 quem
1385 2401 1530 2464 paulo
1565 2406 1672 2446 ante
1708 2400 1945 2463 fingebam

335 2482 593 2545 digitorum
620 2481 918 2544 percussione
943 2479 1228 2526 hereditates
1248 2478 1453 2524 omnium
1478 2493 1617 2540 posse
1637 2477 1944 2523 converrere?

335 2558 405 2604 Ut
441 2556 575 2611 enim,
603 2556 731 2619 quod
769 2561 908 2618 turpe
932 2560 1017 2610 est,
1044 2554 1092 2600 id
1125 2553 1340 2616 quamvis
1375 2552 1653 2606 occultetur,
1680 2557 1839 2597 tamen
1862 2551 1944 2597 ho-

334 2638 523 2678 nestum
549 2632 645 2677 fieri
670 2632 798 2677 nullo
820 2630 962 2676 modo
988 2635 1175 2692 potest:
1213 2628 1293 2682 sic,
1313 2627 1441 2690 quod
1466 2627 1718 2673 honestum
1741 2642 1832 2672 non
1858 2632 1943 2679 est,

336 2708 383 2754 id
418 2707 532 2753 utile
569 2713 622 2753 ut
658 2707 729 2761 sit,
765 2706 883 2752 effici
917 2721 1010 2751 non
1046 2709 1216 2767 potest,
1254 2703 1534 2748 adversante
1570 2707 1617 2748 et
1652 2706 1946 2764 repugnante

338 2788 521 2829 natura.

403 2932 507 2979 XX.
544 2931 615 2977 At
640 2932 775 2986 enim,
799 2947 905 2977 eum
932 2945 1189 2992 permagna
1214 2927 1412 2991 praemia
1435 2932 1557 2981 sunt,
1580 2931 1651 2971 est
1675 2939 1816 2970 causa
1840 2938 1942 2985 pec-

337 3008 488 3054 candi.
539 3007 590 3054 C.
614 3007 789 3052 Marius
809 3022 915 3052 cum
942 3021 969 3050 a
993 3020 1078 3067 spe
1097 3004 1366 3050 consulatus
1389 3002 1530 3065 longe
1556 3001 1756 3053 abesset,
1779 3004 1827 3044 et
1847 2997 1942 3060 jam

339 3082 594 3147 septimum
632 3097 686 3127 an
696 3097 806 3127 num
844 3086 951 3143 post
993 3085 1252 3143 praeturam
1286 3078 1479 3141 jaceret,
1517 3090 1672 3137 neque
1715 3078 1945 3135 petiturus

2045 327 2054 483 1
