2054 3470
718 265 859 295 cinna
889 264 915 295 ι.
1001 250 1109 296 cA'r.
1138 265 1221 296 vu.
1760 255 1814 294 18

126 374 166 423 {n
193 390 285 437 qua
310 373 540 420 excellere
577 373 828 436 pulchrum
856 378 1104 436 putamus:
1142 372 1235 419 labi
1272 380 1444 427 autem,
1466 389 1631 427 errare,
1654 389 1731 418 ne-

123 449 251 504 scire,
287 448 452 511 decipi,
488 454 535 494 et
567 448 745 494 malum
782 454 830 495 et
862 454 1002 511 turpe
1034 447 1264 494 ducimus.
1336 448 1394 493 In
1428 448 1519 493 hoc
1560 462 1730 511 genere
1758 453 1782 493 3

123 531 170 571 et
194 524 394 570 naturali
419 530 467 570 et
503 524 703 569 honesto
730 523 825 569 duo
859 523 972 569 vitia
995 522 1188 568 vitanda
1213 528 1318 569 sunt
1340 538 1350 568 ε
1386 539 1546 577 unum,
1572 538 1631 568 ne
1665 522 1730 568 in-

123 599 309 663 cognita
344 615 429 661 pro
465 598 661 662 cognitis
695 598 968 652 habeamus,
995 598 1160 661 hisque
1196 604 1372 644 temere
1407 597 1729 644 assentiamur.

124 675 261 731 Quod
297 674 460 720 vitium
496 674 703 737 effugere
728 673 807 735 qui
831 673 972 728 volet,
1002 671 1184 736 (omnes
1208 679 1368 719 autem
1392 672 1511 719 velle
1537 670 1730 735 debent)

122 750 366 797 adhibebit
412 749 474 796 ad
510 748 874 795 considerandas
908 764 983 794 res
1019 753 1066 794 et
1110 753 1301 811 tempus
1336 753 1385 794 et
1430 747 1729 811 diligentiam.

126 826 343 872 Alterum
379 830 452 871 est
485 824 664 878 vitium,
690 823 818 886 quod
853 823 1046 886 quidam
1079 822 1214 869 nimis
1254 838 1482 886 magnum
1522 822 1732 868 studium
1757 826 1786 869 4

121 900 414 963 multamque
434 915 625 962 operam
653 898 699 945 in
722 914 796 945 res
822 898 1048 945 obscuras
1074 904 1215 960 atque
1241 897 1448 944 difficiles
1473 897 1732 951 conferunt,

123 975 408 1038 easdemque
432 991 526 1021 non
549 973 848 1021 necessarias.
913 973 1096 1031 Quibus
1114 972 1235 1020 vitiis
1260 972 1517 1029 declinatis,
1537 972 1665 1035 quod
1688 972 1734 1019 in
1761 980 1788 1020 5

122 1052 263 1098 rebus
287 1049 494 1097 honestis
518 1055 566 1096 et
590 1049 852 1113 cognitione
880 1048 1032 1113 dignis
1068 1064 1226 1112 operae
1263 1064 1482 1111 curaeque
1518 1053 1720 1111 ponetur

122 1127 170 1174 id
190 1126 297 1189 jure
321 1125 618 1172 laudabitur:
655 1131 710 1170 ut
733 1124 779 1170 in
804 1124 1059 1188 astrologia
1084 1125 1138 1171 O.
1165 1123 1426 1187 Sulpicium
1450 1123 1729 1178 audivimus,

123 1205 169 1248 in
192 1200 449 1264 geometria
475 1199 583 1246 Sex.
605 1199 887 1262 Pompeium
911 1198 999 1262 ipsi
1025 1198 1344 1263 cognovimus,
1369 1198 1545 1244 multos
1569 1198 1613 1244 in
1639 1198 1735 1244 dia-

124 1276 311 1331 lecticis,
339 1275 498 1338 plures
533 1274 579 1321 in
610 1274 717 1338 jure
753 1274 884 1320 civili.
957 1274 1076 1330 Quae
1101 1289 1264 1320 omnes
1299 1279 1424 1319 artes
1460 1272 1507 1319 in
1531 1273 1628 1319 veri
1664 1273 1729 1319 in·
1758 1278 1785 1319 6

124 1351 429 1415 vestigatione
464 1351 723 1403 versantur,
751 1349 886 1412 cujus
912 1349 1070 1395 studio
1095 1364 1122 1394 a
1145 1349 1288 1395 rebus
1323 1347 1540 1411 gerendis
1565 1347 1736 1395 abduci

125 1432 286 1474 contra
311 1425 511 1473 officium
537 1430 623 1471 est.
694 1423 896 1471 Virtutis
916 1423 1037 1469 enirn
1056 1424 1158 1470 laus
1179 1423 1328 1469 omnis
1353 1423 1403 1469 irr
1422 1423 1603 1470 actione
1629 1433 1736 1470 con-

124 1503 271 1549 sistit:
310 1517 337 1547 a
362 1517 455 1563 qua
478 1506 637 1546 tamen
662 1500 714 1545 fit
738 1499 1015 1545 intermissio
1041 1514 1183 1563 saepe,
1210 1498 1442 1561 multique
1479 1498 1653 1545 dantur
1676 1498 1737 1544 ad

124 1578 281 1624 studia
305 1576 510 1623 reditus:
548 1581 651 1621 tum
677 1574 872 1639 agitatio
897 1574 1080 1629 mentis,
1109 1590 1217 1637 quae
1254 1589 1496 1636 nunquam
1530 1574 1739 1636 acquies-

125 1654 200 1708 cit,
227 1657 385 1716 potest
410 1667 494 1697 nos
519 1650 564 1697 in
590 1650 756 1696 studiis
785 1649 1075 1714 cognitionis,
1097 1649 1238 1696 etiam
1274 1649 1370 1696 sine
1396 1664 1539 1712 opera
1562 1655 1736 1702 nostra,

125 1728 371 1779 continere.
444 1725 606 1772 Omnis
641 1731 802 1771 autem
843 1725 1068 1789 cogitatio
1114 1731 1366 1787 motusque
1402 1723 1543 1770 animi
1577 1729 1660 1770 aut
1693 1724 1738 1770 in
1766 1724 1790 1771 ’7

125 1802 322 1851 consiliis
349 1801 587 1865 capiendis
611 1800 671 1847 de
696 1802 836 1848 rebus
861 1800 1070 1847 honestis
1096 1806 1144 1847 et
1169 1799 1508 1862 pertinentibus
1533 1798 1594 1845 ad
1620 1799 1739 1846 bene

125 1879 356 1941 beateque
394 1876 660 1931 vivendum,
699 1882 782 1921 aut
821 1875 868 1921 in
904 1875 1321 1922 studiis'scientiae
1372 1874 1739 1938 cognitionisque

126 1953 397 2000 versabitur.
467 1952 542 1998 Ac
569 1951 627 1997 de
654 1950 803 2014 primo
828 1950 1018 2013 quidem
1043 1950 1178 1996 officii
1201 1950 1330 1996 fonte
1356 1949 1571 1996 diximus.

189 2103 304 2150 VII.
342 2102 415 2148 De
456 2101 605 2147 tribus
648 2106 809 2147 autem
852 2099 1040 2162 reliquis
1082 2098 1305 2146 latissime
1348 2104 1481 2162 patet
1517 2114 1572 2145 ea
1606 2099 1738 2154 ratio,

124 2194 218 2242 qua
242 2177 439 2224 societas
474 2175 714 2222 hominum
747 2175 867 2222 inter
901 2175 1028 2238 ipsos
1053 2180 1100 2220 et
1124 2174 1234 2221 vitae
1262 2174 1395 2237 quasi
1428 2174 1739 2220 communitas

125 2253 415 2300 continetur:
459 2251 595 2314 cujus
642 2256 800 2314 partes
842 2249 968 2305 duae,
999 2249 1299 2313 justitia,
1339 2249 1386 2295 in
1421 2265 1516 2311 qua
1554 2249 1739 2296 virtutis

124 2327 348 2392 splendor
371 2332 443 2374 est
466 2325 710 2381 maximus,
738 2341 795 2372 ex
819 2341 913 2388 qua
938 2325 1021 2371 viri
1057 2324 1168 2372 boni
1192 2324 1516 2379 nominantur3
1553 2329 1600 2370 et
1631 2325 1739 2371 huic

125 2402 377 2466 conjuncta
411 2402 442 2449 b
458 2417 528 2448 en
544 2417 568 2448 e
584 2400 631 2447 fi
647 2418 671 2447 c
689 2416 713 2447 e
729 2400 823 2447 nti
840 2416 867 2446 a
883 2437 894 2456 ‚
921 2416 1062 2463 quam
1088 2399 1287 2446 eandem
1311 2400 1385 2445 vel
1405 2399 1740 2463 benignitatem

125 2478 199 2525 vel
222 2476 549 2525 liberalitatem
574 2475 806 2540 appellari
830 2476 954 2523 licet.

191 2552 289 2600 Sed
327 2552 391 2616 ju
406 2568 427 2598 s
443 2551 552 2598 titi
569 2567 609 2597 ae
647 2551 852 2614 primum
876 2568 1047 2597 munus
1073 2555 1158 2605 est,
1179 2557 1233 2596 ut
1257 2566 1314 2596 ne
1340 2550 1413 2596 cui
1437 2549 1539 2612 quis
1559 2555 1737 2604 noceat,
1766 2555 1790 2596 2

127 2627 209 2674 nisi
245 2627 491 2674 lacessitus
529 2626 725 2690 injuria3
776 2626 945 2673 deinde
981 2632 1034 2672 ut
1067 2625 1394 2672 communibus
1419 2640 1505 2687 pro
1531 2640 1738 2670 commu-

128 2702 260 2750 nibus
296 2707 472 2756 utatur,
498 2701 690 2765 privatis
739 2707 794 2748 ut
835 2701 943 2748 suis.
1016 2700 1139 2747 Sunt
1177 2706 1336 2746 autem
1379 2700 1562 2762 privata
1607 2700 1734 2745 nulla
1763 2705 1788 2745 3

125 2783 304 2832 natura,
342 2776 427 2823 sed
476 2782 559 2822 aut
606 2782 763 2823 vetere
816 2775 1140 2839 occupatione,
1177 2781 1232 2821 ut
1281 2774 1360 2837 qui
1409 2774 1646 2836 quondam
1694 2774 1739 2820 in

125 2867 274 2898 vacua
309 2857 563 2906 venerunt;
600 2857 682 2897 aut
715 2851 923 2906 victoria,
949 2856 1003 2896 ut
1038 2850 1117 2912 qui
1153 2849 1277 2896 bello
1312 2849 1449 2912 potiti
1485 2854 1621 2903 sunt;
1657 2854 1740 2894 aut

126 2925 244 2990 lege,
282 2925 511 2989 pactione,
549 2925 828 2980 conditione,
866 2932 1006 2971 sorte.
1077 2925 1149 2971 Ex
1185 2940 1279 2986 quo
1320 2924 1385 2978 fit,
1412 2930 1465 2969 ut
1499 2939 1612 2986 ager
1645 2924 1737 2968 Ar-

127 3000 257 3063 pinas
292 3000 596 3063 Arpinatium
632 3000 829 3054 dicatur,
856 2999 1149 3045 Tusculanus
1182 2998 1578 3045 Tusculanorum:
1616 2996 1736 3042 simi-

128 3075 273 3138 lisque
298 3081 369 3122 est
395 3075 680 3138 privatarum
707 3074 1051 3137 possessionum
1078 3072 1345 3136 descriptio.
1416 3072 1485 3118 Ex
1511 3088 1603 3133 quo
1630 3072 1737 3135 quia
1763 3081 1786 3118 4
1816 3128 1820 3131 p
