2054 3470
619 260 754 288 LIBER
782 258 850 288 111.
923 259 1030 289 cAP.
1060 259 1173 288 xvn.
1666 248 1755 291 105

72 383 96 414 Β
112 381 140 412 o
158 383 188 412 N
206 382 258 414 A.
313 367 377 414 M.
401 367 519 413 Cato
539 366 816 412 sententiam
833 365 960 419 dixit,
981 366 1124 428 hujus
1149 365 1293 411 nostri
1311 366 1414 411 Cat(
1432 365 1502 411 nis
1523 372 1669 428 pater.
1697 371 1722 412 6

74 442 135 489 Ut
159 442 279 488 enim
316 442 454 488 ceteri
494 457 551 488 ex
588 441 814 504 patribus,
841 441 905 486 sic
929 440 1019 494 hio,
1046 440 1125 502 qui
1159 440 1274 486 illud
1308 440 1466 486 lumen
1502 456 1671 503 proge-

70 517 181 571 nuit,
209 533 265 563 ex
290 518 382 563 filio
408 524 479 562 est
502 516 824 562 nominandus.
897 516 945 561 Is
980 515 1123 577 igitur
1142 515 1290 578 judex
1314 515 1379 561 ita
1403 516 1669 578 pronuntia·
1698 516 1722 561 7

69 592 146 643 vit,
174 608 282 638 cum
307 592 351 637 in
377 591 623 637 vendendo
647 607 746 636 rem
782 606 883 636 eam
919 590 1094 644 scisset,
1122 596 1169 636 et
1192 606 1285 636 non
1310 591 1668 652 pronuntiasset,

68 667 271 729 emptori
297 667 520 712 damnum
556 665 770 728 praestari
795 672 1023 727 oportere.
1094 665 1222 725 Ergo
1247 665 1307 710 ad
1331 665 1473 711 fidem
1499 666 1669 712 bonam

68 741 231 787 statuit
271 741 517 803 pertinere,
556 747 721 787 notum
762 756 864 786 esse
902 740 1105 802 emptori
1138 740 1316 794 vitium,
1344 740 1472 803 quod
1513 747 1670 788 nosset

67 817 292 862 venditor.
365 816 504 871 Quod
542 816 579 861 si
614 821 740 861 recte
773 815 1015 878 judicavit,
1053 832 1146 861 non
1180 821 1306 861 recte
1341 815 1670 862 frumentarius
1697 822 1723 862 8

67 891 157 946 ille,
205 907 297 936 non
343 897 469 937 recte
518 890 687 936 aedium
735 890 1050 953 pestilentium
1095 890 1311 936 venditor
1344 890 1504 938 tacuit.
1575 890 1671 937 Sed

67 966 338 1028 hujusmodi
383 966 635 1012 reticentiae
679 966 786 1028 jure
835 966 954 1011 civili
1001 982 1162 1011 omnes
1201 965 1542 1028 comprehendi
1576 982 1670 1012 non

68 1048 291 1104 possunt:
330 1057 432 1103 quae
469 1047 628 1087 autern
666 1047 875 1103 possunt,
903 1040 1151 1103 diligenter
1174 1047 1407 1087 tenentur.
1478 1042 1542 1088 M.
1570 1041 1669 1087 Ma·
1708 1047 1734 1088 9

67 1133 160 1162 rlus
201 1116 515 1170 Gratidianus,
554 1116 846 1178 propinquus
884 1123 1054 1169 noster,
1085 1116 1136 1162 C.
1176 1116 1340 1179 Sergio
1367 1115 1526 1162 Oratae
1560 1132 1669 1162 ven-

67 1191 248 1237 diderat
274 1191 397 1236 aedes
423 1206 515 1244 eas,
537 1206 653 1252 quas
678 1191 737 1236 ab
763 1190 928 1235 eodem
955 1190 1053 1252 ipse
1080 1190 1240 1252 paucis
1261 1197 1368 1236 ante
1393 1191 1522 1237 annis
1547 1207 1669 1238 eme-

66 1273 151 1313 rat.
235 1267 316 1311 Eae
364 1266 653 1311 serviebant:
714 1265 798 1311 sed
847 1267 936 1311 hoc
986 1266 1031 1311 in
1089 1267 1320 1329 mancipio
1351 1267 1543 1313 'Marius
1578 1284 1672 1314 non

67 1342 258 1388 dixerat.
318 1341 548 1387 Adducta
567 1356 640 1386 res
661 1340 705 1386 in
721 1340 948 1403 judicium
967 1347 1048 1387 est.
1102 1341 1296 1386 Oratam
1319 1342 1531 1398 Crassus,
1553 1343 1668 1388 Gra·
1699 1348 1756 1389 10

67 1407 292 1462 tidianum
317 1416 601 1462 defendebat
625 1415 875 1461 Antonius.
946 1416 975 1461 J
983 1432 1034 1461 us
1064 1416 1261 1461 Crassus
1298 1418 1513 1480 urgebat,
1542 1418 1669 1480 quod

67 1492 161 1538 vitii
184 1491 397 1537 venditor
418 1507 513 1537 non
536 1490 727 1536 dixisset
752 1490 914 1543 sciens,
937 1490 983 1535 id
1004 1498 1221 1552 oportere
1250 1492 1488 1553 praestari:
1530 1493 1668 1555 aequi·

67 1572 213 1613 tatem
257 1566 508 1621 Antonius,
558 1565 777 1628 quoniam
824 1565 871 1611 id
908 1565 1071 1611 vitium
1120 1565 1335 1628 ignotum
1372 1566 1542 1630 Sergio
1578 1584 1671 1614 non

67 1642 243 1697 fuisset,
269 1642 348 1704 qui
383 1642 484 1687 illas
511 1641 635 1686 aedes
661 1640 962 1693 vendidisset,
993 1641 1103 1686 nihil
1145 1641 1288 1686 fuisse
1327 1657 1517 1688 necesse
1553 1643 1668 1689 dici:

67 1733 149 1763 nec
175 1733 282 1763 eum
308 1731 408 1762 esse
433 1716 701 1778 deceptum,
729 1716 808 1778 qui
833 1716 894 1768 id,
917 1715 1042 1777 quod
1069 1722 1260 1770 emerat,
1288 1733 1381 1778 quo
1402 1717 1507 1780 jure
1533 1724 1668 1773 esset,

67 1797 258 1837 teneret.
331 1792 542 1846 Quorsus
580 1791 718 1836 haec‘?
772 1798 824 1836 ut
866 1791 978 1836 illud
1020 1791 1266 1854 intelligas,
1309 1808 1400 1837 non
1439 1793 1670 1855 placuisse
1699 1800 1750 1843 1]

58 1866 322 1929 'majoribus
346 1866 516 1912 nostris
542 1872 738 1911 astutos.

132 2017 292 2063 XVII.
332 2015 426 2062 Sed
452 2016 584 2061 aliter
607 2015 750 2078 leges
779 2015 912 2061 aliter
950 2016 1217 2078 philosophi
1256 2018 1424 2064 tollunt
1460 2019 1669 2066 astutias.

68 2091 233 2155 Leges,
260 2097 489 2154 quatenus
514 2107 657 2135 manu
679 2096 837 2136 tenere
873 2100 1094 2152 possunt;
1132 2092 1411 2154 philosophi,
1439 2100 1670 2155 quatenus

68 2167 246 2212 ratione
284 2172 331 2212 et
369 2165 687 2228 intelligentia.
759 2165 897 2211 Ratio
933 2182 1046 2228 ergo
1084 2167 1308 2228 postulat,
1336 2183 1393 2213 ne
1419 2168 1530 2230 quid
1564 2168 1668 2215 insi-

70 2242 210 2296 diose,
248 2257 306 2287 ne
342 2240 454 2303 quid
497 2241 726 2294 simulate,
755 2256 812 2286 ne
849 2240 962 2303 quid
1002 2240 1242 2288 fallaciter.
1315 2243 1495 2289 Suntne
1531 2243 1672 2307 igitur
1699 2250 1723 2290 2

69 2317 243 2363 insidiae
279 2317 470 2362 tendere
495 2316 676 2379 plagas,
704 2315 884 2361 etiamsi
919 2316 1203 2362 excitaturus
1229 2334 1323 2363 non
1358 2318 1419 2363 sis
1454 2334 1539 2365 nec
1575 2319 1670 2383 agi-

69 2392 290 2437 taturus?
360 2392 483 2454 Ipsae
523 2391 646 2437 enim
675 2390 786 2436 ferae
818 2391 947 2437 nullo
981 2391 1253 2453 insequente
1287 2408 1411 2455 saepe
1447 2393 1669 2440 incidunt.

70 2466 145 2513 Sic
186 2473 240 2512 tu
277 2466 401 2512 aedes
437 2466 714 2530 proscribaS,
752 2466 978 2521 tabulam,
1018 2471 1262 2528 tamquam
1298 2468 1479 2531 plagas,
1507 2485 1668 2530 ponas,

70 2541 263 2587 domum
298 2551 493 2604 propter
516 2541 627 2587 vitia
650 2540 840 2595 vendas,
866 2541 912 2586 in
937 2556 1041 2587 eam
1066 2542 1231 2603 aliquis
1266 2542 1473 2588 incurrat
1496 2543 1670 2605 impru-

70 2616 222 2662 dens‘?
282 2617 386 2662 Hoc
404 2632 693 2678 quamquam
707 2615 845 2662 video
865 2622 1058 2678 propter
1075 2615 1459 2678 depravationem
1477 2634 1668 2664 consue-
1699 2625 1723 2664 3

73 2690 243 2736 tudinis
277 2706 428 2752 neque
453 2707 581 2736 more
616 2696 756 2753 turpe
787 2690 965 2745 haberi,
991 2706 1142 2753 neque
1167 2697 1249 2736 aut
1273 2691 1377 2755 lege
1403 2693 1567 2738 sanciri
1591 2700 1672 2738 aut

73 2765 171 2827 jure
192 2765 337 2811 civili:
363 2771 520 2810 tamen
537 2774 718 2810 naturae
737 2765 841 2828 lege
862 2772 1078 2811 sanctum
1097 2771 1181 2812 est.
1234 2766 1444 2812 Societas
1462 2774 1530 2813 est
1552 2768 1669 2813 enim
1699 2779 1720 2812 1}

71 2838 221 2903 (quod
263 2839 350 2886 etsi
391 2855 515 2900 saepe
551 2839 729 2885 dictum
764 2847 849 2894 est,
877 2839 1129 2886 dicendum
1168 2847 1326 2886 tamen
1368 2848 1439 2887 est
1480 2841 1670 2905 saepius)

71 2914 294 2960 latissime
329 2913 519 2975 quidem
554 2929 659 2975 quae
698 2920 871 2975 pateat,
898 2915 1140 2960 hominum
1178 2915 1298 2961 inter
1335 2916 1571 2970 homines;
1608 2916 1670 2961 in-

75 2989 211 3034 terior
245 3005 420 3042 eorum,
448 2988 527 3050 qui
562 2988 776 3050 ejusdem
810 2990 965 3051 gentis
1001 2996 1139 3043 sunt;
1177 2990 1367 3052 propior
1393 3006 1567 3043 eorum,
1595 2991 1673 3052 qui

77 3062 284 3125 ejusdem
311 3063 519 3109 civitatis.
590 3063 756 3124 Itaque
794 3063 996 3126 majores
1022 3063 1148 3109 aliud
1181 3064 1260 3126 jus
1295 3064 1519 3126 gentium,
1547 3064 1672 3109 aliud
1699 3074 1724 3112 5
