2054 3470
758 653 1019 714 LIBER
1066 654 1429 716 TERTIUS

417 941 456 989 I.
493 941 719 988 PussLmM
745 942 1038 999 SCIPIONEM,
1067 945 1226 990 Marco
1261 944 1338 999 fili,
1365 959 1487 997 eum,
1515 943 1593 1006 qui
1629 943 1806 1006 primus
1831 943 1951 991 Afn'·

350 1031 494 1062 canus
514 1017 781 1078 appellatus
796 1023 880 1073 est,
898 1018 1051 1065 dicere
1076 1019 1264 1064 solitum
1284 1018 1469 1081 scripsit
1491 1019 1624 1073 Cato,
1649 1019 1727 1081 qui
1751 1019 1838 1065 fuit
1862 1019 1958 1066 fere

350 1090 451 1154 ejus
478 1091 682 1153 aequalis,
698 1091 966 1152 Nunquam
989 1110 1032 1139 36
1046 1095 1200 1139 minus
1219 1095 1413 1139 otiosum
1429 1110 1526 1147 6336,
1546 1110 1686 1154 quam
1711 1107 1816 1137 cum
1847 1093 1958 1140 otio-

299 1170 323 1213 2
351 1175 443 1221 Sus,
455 1183 532 1213 nec
543 1167 700 1213 minus
711 1168 876 1223 solum,
897 1184 1040 1229 quam
1055 1170 1296 1215 cumsolus
1307 1176 1428 1215 6336τ.
1478 1168 1728 1232 Magnifica
1744 1184 1854 1214 vero
1869 1184 1958 1215 vox

349 1246 396 1286 et
415 1256 588 1303 magno
606 1241 703 1287 viro
723 1257 776 1287 ac
793 1243 1002 1305 sapiente
1024 1244 1191 1307 digna:
1219 1259 1324 1306 quae
1344 1244 1565 1298 declarat,
1585 1243 1716 1289 illum
1736 1243 1847 1289 etin
1865 1243 1959 1289 otio

349 1315 407 1361 de
431 1315 629 1378 negotiis
656 1317 861 1379 cogitare
888 1324 934 1364 et
958 1319 1004 1364 in
1029 1319 1278 1365 solitudine
1304 1334 1463 1364 secum
1499 1318 1625 1380 loqui
1650 1318 1837 1364 solitum
1858 1335 1869 1374 ;
1905 1324 1958 1365 ut

348 1406 500 1453 neque
527 1398 732 1436 cessaret
755 1408 977 1454 unquam,
1006 1399 1053 1439 et
1093 1393 1330 1439 interdum
1368 1393 1599 1454 colloquio
1637 1393 1827 1439 alterius
1862 1409 1957 1439 non

351 1470 524 1528 egeret.
596 1465 764 1527 Itaque
791 1466 899 1512 duae
922 1484 1010 1523 res,
1039 1484 1145 1530 quae
1168 1468 1447 1530 languorem
1472 1468 1673 1513 afferunt
1699 1468 1878 1522 ceteris,
1906 1468 1956 1514 il-

296 1545 321 1586 3
348 1539 447 1586 lum
471 1541 717 1595 acuebant,
740 1541 886 1587 otium
913 1548 959 1588 et
984 1543 1202 1590 solitudo.
1262 1543 1447 1588 Vellem
1473 1542 1606 1588 nobis
1632 1543 1722 1589 hoc
1746 1542 1870 1589 idem
1890 1543 1956 1589 di·

350 1630 454 1661 cere
479 1615 667 1662 liceret:
706 1616 790 1662 sed
816 1617 853 1662 si
876 1617 1029 1663 minus
1054 1617 1309 1664 imitatione
1334 1623 1515 1663 tantam
1537 1617 1707 1680 ingenii
1732 1625 1956 1680 praestan-

349 1689 463 1735 tiam
490 1691 711 1753 consequi
736 1707 999 1754 possumus,
1018 1693 1259 1738 voluntate
1286 1698 1410 1739 certe
1437 1693 1647 1755 proxime
1673 1692 1954 1740 accedimus.

294 1769 321 1810 4
349 1765 476 1811 Nam
511 1771 559 1812 et
593 1781 621 1811 a
656 1782 705 1812 re
742 1767 930 1828 publica
953 1767 1307 1829 forensibusque
1331 1768 1529 1830 negotiis
1554 1767 1691 1812 armis
1716 1767 1869 1830 impiis
1892 1768 1956 1814 vi-

348 1855 439 1902 que
475 1841 710 1903 prohibiti,
739 1841 884 1886 otium
921 1843 1272 1905 persequimur:
1310 1848 1357 1888 et
1383 1843 1443 1888 ob
1469 1858 1573 1888 eam
1609 1857 1813 1897 causam,
1841 1844 1955 1889 urbe

295 1922 321 1962 5
348 1915 525 1969 relicta,
562 1932 672 1961 rura
712 1924 1031 1979 peragrantes,
1076 1932 1203 1980 saepe
1239 1917 1325 1963 soli
1366 1933 1543 1964 sumus.
1614 1916 1710 1962 Sed
1745 1933 1831 1963 nec
1866 1917 1955 1963 hoc

347 1989 493 2036 otium
519 2007 626 2036 cum
651 1990 863 2037 Africani
887 1991 995 2045 otio,
1021 2008 1107 2039 nec
1142 1993 1245 2038 haec
1281 1992 1486 2039 solitudo
1522 2009 1630 2038 cum
1664 1992 1742 2038 illa
1767 2008 1955 2055 compa-

295 2069 320 2111 6
347 2065 494 2111 randa
519 2070 604 2112 est.
675 2066 761 2111 Ille
787 2066 909 2112 enim
933 2067 1229 2129 requiescens
1254 2083 1282 2113 a
1305 2067 1371 2114 rei
1395 2067 1597 2130 publicae
1633 2067 1956 2130 pulcherrimis

348 2140 620 2187 muneribus
656 2140 803 2187 otium
839 2141 925 2187 sibi
960 2143 1178 2188 sumebat
1202 2143 1468 2205 aliquando,
1495 2149 1543 2188 et
1581 2158 1608 2187 a
1644 2147 1773 2188 coetu
1808 2142 1954 2188 homi-

345 2231 458 2260 num
492 2215 848 2277 frequentiaque
872 2216 1123 2271 interdum,
1149 2223 1392 2279 tamquam
1428 2217 1473 2263 in
1510 2222 1712 2279 portum,
1739 2233 1788 2262 se
1812 2217 1858 2263 in
1882 2234 1953 2263 so-

295 2288 320 2336 7
348 2288 589 2335 litudinem
614 2289 883 2352 recipiebat.
955 2290 1184 2336 Nostrum
1210 2297 1369 2337 autem
1404 2291 1551 2337 otium
1586 2291 1761 2353 negotii
1784 2291 1951 2354 inopia,

347 2380 440 2410 non
463 2363 786 2425 requiescendi
810 2364 980 2419 studio,
1006 2366 1313 2411 constitutum
1338 2371 1422 2412 est.
1492 2365 1713 2412 Extincto
1738 2366 1859 2412 enim
1883 2382 1951 2412 se-

350 2444 465 2484 natu
500 2438 761 2500 deletisque
792 2438 993 2502 judiciis,
1022 2440 1134 2502 quid
1161 2447 1245 2494 est,
1273 2440 1399 2502 quod
1426 2439 1622 2502 dignum
1646 2440 1779 2487 nobis
1803 2447 1885 2486 aut
1908 2441 1953 2487 in

296 2519 321 2559 S
349 2513 474 2560 curia
499 2519 581 2559 aut
604 2513 650 2560 in
674 2513 775 2559 foro
799 2529 939 2577 agere
966 2515 1238 2577 possimus?
1308 2515 1397 2569 Ita,
1425 2514 1503 2577 qui
1526 2514 1571 2560 in
1596 2515 1799 2561 maxima
1835 2516 1952 2562 cele·

351 2588 522 2634 brit-ate
547 2594 688 2651 atque
723 2589 770 2635 in
805 2589 951 2635 oculis
988 2589 1156 2635 civium
1181 2589 1418 2652 quondam
1443 2589 1708 2644 vixerimus,
1733 2606 1856 2636 nunc
1881 2591 1952 2637 fu·

347 2662 527 2725 gientes
570 2670 875 2726 conspectum
913 2664 1260 2718 sceleratorum,
1288 2664 1457 2726 quibus
1483 2664 1636 2710 omnia
1670 2665 1950 2720 redundant,

297 2743 321 2782 9
348 2737 563 2783 abdimus
589 2754 687 2792 nos,
716 2744 944 2800 quantum
979 2739 1100 2792 licet,
1134 2745 1181 2784 et
1216 2755 1342 2801 saepe
1369 2739 1453 2785 soli
1478 2755 1651 2786 sumus
1724 2739 1818 2786 Sed
1844 2740 1952 2802 quia

348 2811 412 2857 sic
437 2813 496 2858 ab
521 2813 788 2859 hominibus
815 2814 965 2859 doctis
992 2813 1274 2875 accepimus,
1304 2830 1394 2859 non
1420 2814 1572 2860 solum
1608 2830 1666 2860 ex
1700 2815 1836 2879 malis
1872 2816 1951 2862 eli-

347 2902 456 2949 gere
483 2887 672 2932 minima
696 2894 938 2949 oportere;
975 2887 1058 2933 sed
1095 2888 1235 2933 etiam
1272 2904 1521 2951 excerpere
1557 2904 1616 2934 ex
1654 2888 1726 2934 his
1759 2889 1887 2951 ipsis,
1914 2906 1950 2936 s¹

347 2961 460 3023 quid
499 2961 670 3008 inesset
708 2962 842 3009 boni:
881 2968 1133 3024 propterea
1158 2969 1205 3009 et
1230 2964 1323 3009 otio
1347 2964 1488 3017 fruor,
1516 2980 1606 3009 non
1643 2963 1721 3010 illo
1745 2964 1949 3026 quidem,

348 3052 440 3099 quo
466 3036 670 3082 debebat
693 3037 744 3090 is,
773 3037 851 3099 qui
876 3037 1113 3099 quondam
1153 3038 1411 3100 peperisset
1446 3039 1593 3084 otium
1628 3038 1829 3092 civitati;
1864 3055 1948 3086 nec
