2054 3470
298 209 383 251 10ss
748 198 751 201 ’
984 219 1044 248 DE
1084 219 1294 249 ormcns

366 333 444 392 jus
481 328 612 375 civile
651 343 752 373 esse
789 327 1050 374 voluerunt.
1122 326 1261 383 Quod
1300 325 1446 381 civile,
1473 342 1565 372 non
1602 325 1728 373 idem
1763 324 1974 374 continue

317 409 343 447 6
370 403 608 468 gentium3
645 402 773 465 quod
799 411 957 448 autem
983 401 1213 465 gentium,
1234 400 1361 447 idem
1386 401 1516 447 civile
1541 417 1645 447 esse
1670 401 1826 448 debet.
1887 400 1982 447 Sed

370 495 454 525 nos
491 478 587 524 veri
625 477 742 540 juris
780 492 1113 540 germanaeque
1147 477 1342 540 justitiae
1386 476 1584 523 solidam
1623 481 1671 522 et
1711 491 1982 539 expressam

370 553 571 618 effigiem
596 553 775 599 nullam
801 558 1042 607 tenemus;
1079 552 1249 598 umbra
1269 557 1316 598 et
1335 551 1616 615 imaginibus
1635 551 1830 598 utimur.
1889 551 1983 597 Eas

369 630 493 692 ipsas
518 628 698 674 utinam
725 643 1042 690 sequeremur.
1114 627 1353 673 Feruntur
1377 627 1499 673 enim
1520 642 1577 673 ex
1596 626 1784 689 optimis
1802 632 1983 672 naturae

318 706 341 751 7
370 710 417 750 et
435 703 644 750 veritatis
664 702 903 765 exemplis.
965 703 1088 748 Nam
1110 703 1274 765 quanti
1292 703 1437 749 verba
1459 702 1552 757 illa,
1577 718 1610 748 U
1625 718 1650 747 T
1666 718 1683 747 1
1721 718 1754 747 N
1770 718 1799 747 E
1838 718 1866 747 P
1884 717 1915 747 R
1932 717 1983 748 o-

369 795 511 825 PTER
545 795 608 824 rE
642 794 907 824 FIDEMVE
944 793 1100 824 TUAM
1137 793 1363 824 CAPTUS
1397 792 1826 824 FRAUDATUSVE
1859 776 1983 824 er!

370 854 872 911 Quamillaaurea,nr
905 870 1081 899 INTER
1114 868 1302 899 BONos
1335 869 1489 899 BENE
1514 868 1698 899 AGIER
1726 865 1984 900 oPoa'rEi·

369 947 438 976 ΕΤ
475 946 530 976 si
551 947 628 976 NE
672 928 1162 975 FRAUDA'rioNE!
1224 928 1334 982 Sed,
1357 928 1436 990 qui
1460 928 1551 973 sint
1574 927 1698 983 boni,
1719 926 1897 989 etquid
1924 927 1983 973 sit

316 1012 341 1051 8
370 1007 486 1052 bene
512 1005 602 1068 agi,
628 1020 802 1068 magna
827 1003 1025 1066 quaestio
1051 1009 1136 1050 est.
1209 1004 1262 1059 Q.
1299 1003 1489 1066 quidem
1515 1003 1746 1057 Scaevola,
1773 1002 1980 1065 pontifex

367 1081 614 1144 maximus,
642 1095 876 1125 summam
902 1078 995 1124 vim
1020 1094 1121 1124 esse
1148 1078 1335 1125 dicebat
1369 1079 1414 1124 in
1450 1078 1665 1125 omnibus
1690 1078 1742 1124 iis
1767 1077 1980 1132 arbitriis,

366 1156 413 1201 in
431 1155 601 1218 quibus
626 1154 883 1200 adderetur
918 1171 987 1199 Ex
1023 1170 1081 1200 ΕΙ
1097 1171 1168 1199 DE
1204 1171 1232 1200 B
1249 1169 1388 1200 oNA:
1427 1154 1629 1216 fideique
1649 1154 1785 1200 bonae
1813 1168 1982 1198 nomen

367 1230 665 1277 existimabat
698 1245 889 1276 manare
925 1229 1163 1284 latissime,
1189 1229 1333 1292 idque
1368 1229 1542 1275 versari
1566 1229 1611 1275 in
1635 1228 1809 1283 tutelis,
1837 1228 1980 1274 socie-

368 1304 780 1360 tatibus,*fiduciis‚
807 1304 1055 1359 mandatis,
1082 1305 1224 1351 rebus
1261 1304 1446 1367 emptis,
1474 1304 1688 1359 venditis,
1717 1303 1978 1357 conductis,

367 1380 543 1435 locatiS,
569 1379 740 1443 quibus
765 1379 874 1426 vitae
904 1379 1101 1426 societas
1127 1380 1470 1426 contineretur:
1508 1379 1552 1426 in
1588 1380 1661 1426 his
1695 1378 1855 1443 magni
1879 1394 1981 1425 esse

363 1455 533 1519 judicis
559 1461 764 1501 statuere
792 1453 1075 1519 (praesertim
1101 1471 1208 1501 cum
1246 1455 1293 1501 in
1333 1455 1570 1518 plerisque
1590 1458 1764 1501 'essent
1796 1453 1977 1517 judicia

314 1538 340 1579 9
368 1529 616 1595 contraria)
643 1530 753 1593 quid
781 1546 1015 1592 quemque
1053 1530 1220 1593 cuique
1258 1536 1488 1593 praestare
1525 1535 1777 1593 oporteret.
1851 1529 1977 1584 Quo-

367 1607 487 1653 circa
527 1606 712 1652 astutiae
755 1605 977 1652 tollendae
1019 1611 1141 1661 sunt,
1185 1622 1332 1669 eaque
1374 1605 1563 1660 malitia,
1601 1621 1710 1668 quae
1745 1606 1852 1652 vult
1901 1605 1980 1651 illa

367 1682 558 1745 quidem
582 1681 741 1735 videri,
761 1697 809 1727 se
835 1697 935 1727 esse
963 1681 1276 1743 prudentiam,
1299 1682 1381 1727 sed
1407 1682 1543 1728 abest
1568 1683 1628 1728 ab
1656 1697 1710 1728 ea
1736 1681 1977 1744 distatque

288 1763 340 1803 10
368 1757 636 1820 plurimum.
708 1756 966 1802 Prudentia
986 1762 1057 1802 est
1082 1756 1204 1802 enim
1228 1757 1381 1803 locata
1406 1757 1451 1803 in
1471 1756 1658 1803 delectu
1678 1757 1909 1803 bonorum
1928 1763 1976 1803 et

366 1832 593 1878 malorum
614 1847 621 1877 :
660 1831 849 1886 malitia,
889 1831 926 1876 si
975 1831 1143 1886 omnia,
1181 1848 1288 1894 quae
1327 1832 1485 1895 turpia
1525 1837 1649 1887 sunt,
1687 1833 1812 1878 mala
1854 1839 1977 1886 sunt,

288 1913 299 1952 l
320 1913 337 1952 1
370 1907 492 1952 mala
516 1906 648 1952 bonis
675 1906 806 1969 ponit
831 1912 953 1953 ante.
1026 1907 1126 1953 Nec
1146 1923 1257 1953 vero
1282 1908 1327 1953 in
1352 1907 1540 1970 praediis
1561 1908 1713 1953 solum
1744 1908 1822 1971 jus
1848 1909 1980 1954 civile

368 1982 564 2028 ductum
590 1997 617 2026 a
641 1988 808 2027 natura
831 1981 1056 2027 malitiam
1076 1982 1387 2045 fraudemque
1407 1982 1611 2029 vindicat
1630 1999 1639 2037 ;
1667 1983 1752 2029 sed
1775 1983 1914 2029 etiam
1934 1983 1979 2029 in

367 2057 706 2119 mancipiorum
741 2056 1008 2103 venditione
1044 2057 1298 2104 venditoris
1345 2058 1473 2104 fraus
1516 2058 1663 2104 omnis
1700 2058 1977 2105 excluditur.

291 2139 345 2178 12
376 2132 466 2188 Qui
501 2131 621 2178 enim
659 2131 774 2177 scire
801 2131 979 2186 debuit,
1006 2132 1065 2178 de
1091 2133 1302 2188 sanitate,
1331 2133 1390 2180 de
1428 2134 1556 2197 fuga,
1585 2133 1644 2180 de
1683 2134 1833 2188 furtis,
1862 2150 1979 2197 prae·

290 2214 339 2253 ἰ3
369 2214 462 2253 stat
480 2207 633 2253 edicto
654 2207 876 2254 aedilium.
948 2207 1193 2254 Heredum
1219 2209 1308 2254 alia
1327 2225 1468 2255 causa
1485 2215 1569 2255 est.
1640 2209 1714 2254 Ex
1733 2226 1827 2271 quo
1847 2209 1978 2255 intel-

370 2281 540 2344 ligitur,
567 2282 788 2343 quoniam
827 2281 944 2344 juris
983 2288 1153 2328 natura
1187 2283 1292 2330 fons
1328 2284 1401 2338 sit,
1428 2284 1518 2330 hoc
1545 2284 1808 2330 secundum
1844 2292 1974 2331 natu-

368 2373 467 2402 ram
493 2372 608 2410 esse,
626 2356 855 2402 neminem
881 2357 927 2402 id
953 2373 1108 2420 agere,
1135 2363 1189 2404 ut
1214 2374 1271 2404 ex
1296 2359 1487 2404 alterius
1514 2359 1756 2421 praedetur
1780 2358 1976 2406 inscitia.

292 2438 343 2477 14
371 2432 472 2477 Nec
509 2431 605 2477 ulla
643 2431 868 2494 pernicies
893 2432 1000 2478 vitae
1036 2433 1186 2496 major
1220 2433 1412 2480 inveniri
1437 2439 1609 2496 potest,
1637 2449 1779 2496 quam
1805 2434 1852 2480 in
1877 2451 1976 2480 ma·

368 2506 464 2552 litia
502 2505 735 2552 simulatio
776 2506 1124 2571 intelligentiae:
1165 2524 1223 2555 ex
1261 2524 1356 2571 quo
1394 2509 1484 2555 ista
1520 2508 1875 2555 innumerabilia
1898 2525 1979 2555 na-

371 2587 580 2634 scuntur,
606 2586 660 2627 ut
685 2581 816 2628 utilia
841 2599 944 2628 cum
983 2584 1190 2630 honestis
1226 2599 1438 2648 pugnare
1463 2583 1726 2632 videantur.
1797 2585 1981 2640 Quotus

375 2656 498 2702 enim
525 2656 721 2718 quisque
756 2657 1029 2720 reperietur,
1058 2659 1149 2721 qui,
1175 2659 1452 2722 impunitate
1489 2664 1537 2705 et
1570 2658 1859 2722 ignoratione
1882 2675 1981 2706 om·

371 2729 499 2776 nium
524 2730 780 2793 proposita,
808 2732 1039 2779 abstinere
1065 2733 1212 2796 possit
1235 2733 1439 2797 injuria?

439 2881 628 2928 XVIII.
666 2881 1006 2937 Periclitemur,
1035 2883 1072 2930 si
1107 2884 1277 2946 placet,
1304 2884 1350 2931 in
1375 2885 1427 2931 iis
1453 2885 1642 2948 quidem
1669 2885 1909 2948 exemplis,
1935 2885 1982 2932 in

320 2960 348 3003 2
374 2955 543 3020 quibus
568 2956 753 3018 peccari
778 2957 949 3020 vulgus
974 2958 1215 3005 hominum
1239 2959 1438 3006 fortasse
1462 2976 1556 3005 non
1592 2964 1743 3022 putet.
1812 2960 1983 3022 Neque

371 3029 496 3077 enim
521 3029 580 3077 de
605 3030 791 3086 sicariis,
819 3032 1049 3088 veneficiS,
1076 3034 1450 3088 testamentariis,
1478 3034 1667 3080 furibus.
1701 3034 1978 3097 peculatori-
