2054 3470
280 229 337 272 96
711 243 721 247 ·’
834 272 837 273 ⁷
964 241 1024 269 DE
1063 240 1271 270 orrlcns

362 349 614 395 honestum
640 349 711 402 sit,
739 348 786 393 id
811 364 912 394 esse
949 354 1030 393 aut
1055 349 1206 394 solum
1231 355 1312 394 aut
1337 365 1574 394 summum
1601 350 1800 395 bonum:
1841 349 1968 412 quod

361 430 521 470 autem
552 440 735 477 bonum,
761 423 809 468 id
834 429 960 469 certe
985 423 1124 469 utile:
1151 423 1216 469 ita
1240 423 1461 485 quicquid
1487 423 1752 478 honestum,
1769 424 1814 470 id
1843 425 1966 470 utile.

307 504 334 545 4
364 500 520 555 Quare
546 515 672 545 error
695 499 938 544 hominum
961 514 1052 544 non
1079 499 1348 561 proborum,
1368 515 1476 544 cum
1496 498 1685 560 aliquid,
1706 495 1831 561 quod
1859 500 1966 545 utile

305 582 331 621 5
360 575 509 620 visum
546 580 630 628 est,
660 573 868 636 arripuit,
895 573 942 618 id
979 574 1198 619 continuo
1233 574 1433 620 secernit
1471 574 1529 619 ab
1568 574 1777 620 honesto.
1849 574 1966 620 Hinc

359 650 483 703 sicae,
502 650 607 694 hinc
624 664 815 702 venena,
834 648 940 694 hinc
960 648 1079 693 falsa
1099 654 1382 694 testamenta
1400 654 1678 694 nascuntur:
1706 648 1811 694 hinc
1829 650 1968 703 furta,

358 725 619 786 peculatus.
647 723 953 786 expilationes
991 723 1371 785 direptionesque
1410 724 1641 769 sociorum
1680 729 1727 769 et
1769 723 1968 779 civium·,

357 799 462 845 hinc
488 815 631 861 opum
657 798 902 843 nimiarum
928 798 1151 860 potentiae
1179 815 1271 844 non
1297 799 1531 852 ferendae3
1565 804 1803 861 postremo
1828 798 1967 844 etiam

355 873 399 919 in
424 874 578 920 liberis
603 873 869 919 civitatibus
894 873 1122 936 regnandi
1147 873 1352 918 existunt
1378 873 1676 937 cupiditates,
1703 873 1875 935 quibus
1902 874 1966 918 ni-

302 953 327 994 6
355 948 419 994 hil
444 965 529 994 nec
555 949 749 1002 taetrius,
776 963 862 993 nec
887 947 1061 993 foedius
1098 947 1354 1010 excogitari
1391 953 1563 1010 potest.
1635 948 1967 994 Emolumenta

354 1023 475 1069 enim
502 1039 656 1069 rerum
692 1023 939 1069 fallacibus
970 1018 1157 1085 judiciis
1183 1023 1371 1068 vident:
1410 1038 1617 1085 poenam,
1644 1039 1738 1069 non
1773 1023 1878 1068 dico
1903 1023 1966 1069 le-

352 1115 481 1160 gum,
509 1113 652 1160 quam
687 1113 820 1160 saepe
861 1105 1189 1160 perrumpunt,
1218 1098 1300 1143 sed
1333 1098 1479 1159 ipsius
1517 1098 1834 1160 turpitudinis,
1861 1114 1965 1160 quae

300 1173 322 1220 7
353 1173 650 1219 acerbissima
675 1178 761 1227 est,
789 1188 882 1217 non
909 1172 1085 1218 vident.
1158 1173 1478 1228 Quamobrem
1514 1173 1603 1218 hoc
1635 1172 1827 1235 quidem
1853 1173 1963 1219 deli-

351 1247 615 1294 berantium
654 1263 806 1309 genus
845 1247 1051 1309 pellatur
1075 1263 1099 1293 e
1126 1248 1280 1293 medio
1309 1246 1401 1311 (est
1437 1247 1559 1293 enim
1589 1253 1742 1293 totum
1769 1248 1964 1294 scelera-

350 1330 453 1368 tum
491 1328 538 1369 et
574 1321 792 1385 impium)
830 1322 910 1384 qui
947 1322 1223 1375 deliberant,
1250 1329 1411 1368 utrum
1451 1322 1498 1368 id
1535 1330 1807 1384 sequantur,
1836 1322 1963 1384 quod

349 1398 600 1443 honestum
620 1413 722 1442 esse
740 1397 943 1451 videant,
962 1412 1020 1441 an
1040 1413 1088 1442 se
1110 1397 1308 1443 scientes
1333 1398 1509 1443 scelere
1529 1397 1858 1444 contaminent.
1909 1397 1962 1443 In

348 1473 449 1535 ipsa
474 1472 595 1518 enim
622 1472 915 1517 dubitatione
951 1471 1131 1517 facinus
1156 1472 1291 1525 inest,
1319 1472 1499 1518 etiamsi
1524 1473 1585 1518 ad
1610 1472 1658 1518 id
1683 1489 1776 1518 non
1801 1488 1963 1535 perve-

297 1553 322 1594 8
349 1547 511 1593 nerint.
583 1547 713 1609 Ergo
738 1562 793 1591 ea
818 1546 1123 1593 deliberanda
1149 1547 1334 1592 omnino
1360 1563 1451 1593 non
1476 1553 1598 1602 sunt,
1623 1547 1672 1593 in
1697 1547 1867 1610 quibus
1893 1553 1962 1593 est

351 1622 503 1684 turpis
529 1622 632 1683 ipsa
658 1621 946 1668 deliberatio.

296 1703 321 1744 9
414 1698 576 1759 Atque
615 1696 755 1742 etiam
796 1712 853 1742 ex
888 1697 1013 1742 omni
1049 1696 1382 1743 deliberatione
1420 1697 1601 1743 celandi
1626 1702 1672 1743 et
1698 1697 1961 1745 occultandi

349 1788 456 1836 spes
496 1771 744 1834 opinioque
782 1771 1067 1817 removenda
1106 1778 1190 1819 est.
1263 1773 1389 1818 Satis
1427 1772 1548 1818 enim
1574 1773 1720 1826 nobis,
1749 1772 1786 1818 si
1820 1773 1961 1820 modo

348 1848 392 1894 in
420 1846 719 1910 philosophia
754 1846 931 1908 aliquid
965 1846 1260 1909 profecimus,
1290 1863 1566 1910 persuasum
1603 1863 1705 1893 esse
1740 1847 1897 1903 debet,
1924 1848 1959 1894 si

348 1938 509 1969 omnes
545 1921 657 1967 deos
682 1921 989 1983 hominesque
1025 1922 1175 1967 celare
1210 1922 1457 1984 possimus,
1483 1922 1597 1968 nihil
1621 1929 1780 1968 tamen
1804 1938 1957 1978 avare,

349 1997 460 2043 nihil
485 1996 672 2059 injuste,
699 1996 812 2042 nihil
837 1996 1095 2050 libidinose,
1121 1996 1236 2042 nihil
1270 1997 1612 2043 incontinenter
1647 2013 1748 2043 esse
1786 1997 1958 2043 facien-

349 2072 477 2118 dum.
549 2071 632 2118 IX.
671 2071 792 2116 Hine
828 2071 907 2116 ille
946 2072 1109 2134 Gyges
1145 2072 1384 2118 inducitur
1407 2088 1434 2117 a
1458 2072 1685 2118 Platone:
1725 2071 1819 2134 qui,
1849 2089 1956 2119 cum

346 2155 471 2194 terra
510 2146 802 2191 discessisset
836 2146 1019 2209 magnis
1055 2147 1337 2208 quibusdam
1376 2147 1618 2200 imbribus,
1648 2147 1889 2193 descendit
1911 2147 1960 2193 in

345 2223 475 2268 illum
510 2221 703 2274 hiatum,
733 2236 1006 2282 aeneumque
1033 2236 1220 2282 equum,
1248 2228 1301 2266 ut
1336 2222 1494 2266 ferunt
1530 2221 1721 2275 fabulae,
1748 2222 1955 2268 animad-

345 2296 496 2349 vertit,
526 2295 659 2357 cujus
685 2295 730 2339 in
754 2294 977 2340 lateribus
1003 2295 1125 2340 fores
1151 2302 1307 2341 essent
1329 2312 1337 2341 :
1376 2296 1546 2357 quibus
1584 2296 1758 2358 apertis
1784 2313 1955 2359 corpus

346 2369 543 2416 hominis
568 2369 741 2415 mortui
765 2369 879 2414 vidit
904 2370 1225 2432 magnitudine
1251 2370 1484 2423 inusitata,
1506 2371 1795 2432 anulumque
1821 2387 1952 2418 aure-

345 2462 426 2491 um
451 2445 496 2490 in
520 2443 697 2507 digito:
735 2459 876 2505 quem
911 2450 964 2488 ut
1001 2444 1217 2498 detraxit,
1244 2445 1344 2507 ipse
1364 2444 1521 2490 induit
1549 2443 1671 2508 (erat
1697 2452 1857 2491 autem
1883 2462 1952 2492 re-

292 2527 318 2567 2
345 2521 449 2584 gius
475 2517 656 2582 pastor)
684 2525 785 2564 tum
811 2519 856 2564 in
883 2519 1127 2564 concilium
1153 2536 1202 2565 se
1229 2526 1471 2582 pastorum
1497 2520 1686 2581 recepit.
1748 2521 1820 2566 Ibi
1846 2538 1949 2566 cum

346 2595 501 2657 palam
539 2594 642 2656 ejus
680 2594 804 2639 anuli
829 2594 888 2639 ad
915 2594 1120 2655 palmam
1147 2600 1453 2648 converterat,
1481 2610 1508 2639 a
1533 2595 1661 2640 nullo
1689 2595 1948 2649 videbatur,

343 2670 442 2731 ipse
481 2675 638 2714 autem
675 2669 829 2714 omnia
852 2669 1057 2715 videbat.
1129 2669 1264 2714 Idem
1301 2685 1461 2714 rursus
1487 2669 1746 2722 videbatur,
1775 2687 1878 2716 cum
1906 2671 1947 2715 in

292 2750 316 2790 3
343 2744 497 2788 locum
537 2743 728 2787 anulum
767 2743 1033 2789 inverterat.
1105 2744 1274 2806 Itaque
1312 2744 1399 2790 hac
1439 2744 1791 2806 opportunitate
1827 2745 1947 2790 anuli

342 2834 468 2870 usuS,
502 2817 675 2880 reginae
710 2824 927 2878 stuprum
964 2818 1132 2871 intulit,
1171 2834 1319 2880 eaque
1354 2819 1582 2881 adjutrice
1618 2834 1778 2880 regem
1805 2819 1948 2864 domi-

343 2909 455 2938 num
480 2891 724 2945 interemit,
752 2892 942 2937 sustulit
966 2909 1083 2954 quos
1109 2893 1296 2939 obstare
1321 2894 1663 2940 arbitrabatur:
1701 2908 1785 2939 nec
1810 2893 1855 2938 in
1879 2893 1949 2938 his

343 2983 451 3013 eum
475 2966 755 3012 facinoribus
791 2966 1037 3029 quisquam
1074 2967 1227 3029 potuit
1251 2968 1426 3016 videre.
1497 2968 1574 3014 Sic
1608 2973 1801 3030 repente
1825 2967 1948 3013 anuli

291 3045 318 3087 4
344 3040 568 3088 beneficio
591 3056 673 3086 rex
698 3047 888 3088 exortus
913 3046 984 3087 est
1008 3042 1192 3104 Lydiae.
1248 3043 1387 3089 Hunc
1413 3043 1553 3105 igitur
1575 3042 1730 3104 ipsum
1756 3041 1945 3088 anulum

1309 3115 1323 3132 9
