2054 3470
303 259 365 300 20
823 268 832 269 ’
895 273 898 276 ’
1000 273 1059 301 nn
1097 273 1307 303 oFfflens

335 382 360 423 3
388 377 578 440 plicium
602 378 754 425 redire
780 379 957 433 maluit,
987 396 1129 442 quam
1153 380 1295 426 fidem
1321 381 1443 426 hosti
1469 380 1630 426 datam
1654 380 1829 428 fallere.
1891 380 1995 446 [Se-

387 451 542 498 cundo
577 458 736 499 autem
771 454 950 500 Punico
985 454 1123 508 bello,
1150 460 1259 516 post
1296 455 1589 501 Cannensem
1625 471 1852 518 pugnam,
1880 471 1999 519 quos

387 527 552 573 decem
576 528 812 575 Hannibal
836 529 1041 574 Romam
1064 529 1280 575 astrictos
1304 529 1429 575 misit
1449 529 1555 593 jure
1577 529 1783 592 jurando
1807 545 1858 577 se
1875 529 1998 577 redi-

388 608 517 648 turos
543 618 659 658 esse,
684 602 770 649 nisi
805 603 864 650 de
898 603 1184 650 redimendis
1207 604 1275 659 iis,
1301 603 1380 666 qui
1416 604 1542 667 capti
1577 609 1725 659 erant,
1750 603 1997 666 impetras-

387 680 513 732 sent;
550 692 631 723 eos
666 694 843 732 omncs,
870 694 1102 733 censores,
1128 679 1285 741 quoad
1326 678 1524 741 quisque
1560 694 1722 725 eorum
1759 678 1887 734 vixit,
1914 678 1995 741 qui

390 751 693 814 pejerassent,
727 752 774 798 in
815 753 989 800 aerariis
1035 753 1337 816 reliquerunt.
1407 753 1510 799 Nec
1551 753 1705 799 minus
1745 752 1889 807 illum,
1916 752 1999 816 qui

332 831 359 870 4
381 826 500 888 juris
531 826 722 890 jurandi
755 827 922 874 fraude
958 827 1148 890 culpam
1183 827 1437 875 invenerat.
1509 828 1633 874 Cum
1664 827 1787 873 enim
1819 827 1997 874 Hanni·

386 901 501 947 balis
538 902 770 964 permissu
794 902 964 948 exisset
1000 902 1059 948 de
1084 902 1264 956 castriS,
1289 902 1427 948 rediit
1462 902 1604 965 paulo
1640 907 1763 964 post,
1791 901 1921 964 quod
1946 917 1997 948 se

333 983 358 1021 5
386 976 584 1022 oblitum
606 977 763 1023 nescio
788 977 901 1039 quid
926 977 1115 1023 diceret.
1187 976 1371 1022 Deinde
1397 991 1616 1039 egressus
1640 991 1665 1022 e
1686 976 1864 1030 castris,
1887 976 1997 1039 jure

381 1050 585 1112 jurando
619 1066 669 1097 se
704 1051 913 1097 solutum
948 1052 1163 1114 putabat.
1233 1050 1296 1096 Et
1331 1056 1432 1096 erat
1466 1050 1635 1104 verbiS,
1661 1066 1713 1097 re
1747 1066 1842 1097 non
1876 1057 1994 1098 erat.

333 1129 358 1170 6
386 1125 585 1187 Semper
608 1130 766 1171 autem
791 1125 838 1171 in
861 1125 968 1180 fide,
996 1124 1111 1188 quid
1146 1124 1358 1179 senseris,
1384 1141 1479 1171 non
1502 1124 1617 1187 quid
1652 1125 1840 1180 dixeris,
1868 1125 1994 1188 cogi-

334 1199 358 1245 7
385 1199 596 1246 tandum.
655 1198 915 1245 Maximum
939 1205 1098 1246 autem
1123 1199 1391 1262 exemplum
1417 1204 1488 1245 est
1508 1199 1718 1262 justitiae
1743 1199 1789 1246 in
1813 1200 1999 1246 hostem

385 1288 414 1319 a
448 1273 705 1337 majoribus
750 1274 920 1320 nostris
970 1274 1292 1329 constitutum,
1333 1291 1443 1320 oum
1488 1289 1517 1319 a
1561 1274 1748 1337 Pyrrho
1798 1274 1999 1337 perfuga

387 1348 566 1395 senatui
600 1355 672 1395 est
713 1349 961 1411 pollicitus,
1003 1365 1052 1395 se
1098 1365 1331 1395 venenum
1379 1348 1479 1412 regi
1527 1348 1765 1403 daturum,
1803 1354 1851 1395 et
1885 1364 1995 1394 eum

385 1430 674 1470 necaturum.
746 1424 949 1470 Senatus
974 1429 1021 1470 et
1058 1424 1110 1470 G.
1138 1424 1380 1470 Fabricius
1416 1423 1666 1486 perfugam
1700 1423 1888 1486 Pyrrho
1914 1423 1996 1485 de-

334 1503 360 1543 8
387 1498 520 1545 didit.
590 1499 666 1545 Ita
700 1514 757 1544 ne
792 1498 940 1544 hostis
965 1498 1155 1561 quidem
1181 1504 1228 1544 et
1264 1497 1468 1561 potentis
1494 1503 1542 1544 et
1578 1498 1755 1544 bellum
1780 1498 1908 1544 ultro
1931 1497 1997 1543 in-

386 1573 577 1619 ferentis
613 1572 851 1619 interitum
884 1590 991 1619 cum
1026 1573 1200 1619 scelere
1225 1570 1544 1636 approbavit]
1614 1572 1691 1619 Ac
1726 1572 1786 1619 de
1820 1572 1997 1619 bellicis

386 1647 577 1710 quidem
601 1647 760 1694 officiis
785 1648 897 1694 satis
923 1648 1102 1694 dictum
1128 1653 1213 1694 est.

334 1727 360 1768 9
451 1722 801 1768 Meminerimus
826 1728 998 1777 autem,
1020 1723 1160 1768 etiam
1187 1722 1411 1768 adversus
1435 1721 1618 1768 infimos
1639 1721 1870 1785 justitiam
1895 1737 1997 1769 esse

388 1796 681 1843 servandam.
751 1797 838 1842 Est
863 1804 1021 1843 autem
1046 1797 1202 1843 infima
1228 1797 1432 1843 conditio
1458 1802 1506 1843 et
1523 1796 1713 1842 fortuna
1738 1812 1994 1852 servorum,

386 1871 554 1934 quibus
589 1888 681 1917 non
716 1872 836 1917 male
873 1871 1156 1934 praecipiunt
1192 1871 1271 1934 qui
1318 1871 1383 1917 ita
1420 1870 1591 1933 jubent
1625 1870 1696 1918 uzi
1729 1876 1783 1918 ut
1817 1887 1994 1918 merce-

309 1951 360 1991 lO
387 1946 537 2000 nariis,
580 1962 773 2008 operam
826 1946 1122 2009 exigendam,
1146 1945 1276 2008 justa
1313 1944 1587 2008 praebenda.
1674 1944 1797 1992 Cum
1837 1951 1995 1992 autem

392 2019 578 2067 duobus
611 2020 778 2075 modis,
805 2019 852 2066 id
889 2026 960 2066 est
995 2026 1078 2066 aut
1111 2020 1156 2066 vi
1191 2026 1275 2066 aut
1308 2019 1491 2074 fraude,
1517 2019 1600 2065 fiat
1634 2019 1830 2082 injuria3
1865 2020 1994 2066 fraus

390 2094 524 2157 quasi
560 2094 843 2158 vulpeculae,
870 2094 939 2141 vis
971 2094 1116 2141 leonis
1141 2094 1353 2141 videtur:
1397 2089 1651 2156 utrumque
1676 2094 1862 2141 homine
1886 2094 1994 2141 alie-

311 2176 320 2215 Ι
341 2175 356 2215 1
391 2168 647 2223 nissimum,
676 2169 762 2215 sed
785 2169 916 2214 fraus
941 2169 1047 2215 odio
1073 2169 1216 2232 digna
1239 2169 1434 2231 majore,
1504 2168 1666 2214 Totius
1691 2174 1850 2215 autem
1874 2167 1992 2232 inju-

392 2243 531 2289 stitiae
567 2243 696 2289 nulla
732 2243 974 2305 capitalior
1009 2248 1093 2296 est,
1120 2258 1261 2304 quam
1299 2258 1477 2296 eorum,
1505 2242 1585 2304 qui
1608 2248 1724 2297 tum,
1753 2258 1861 2289 cum
1895 2259 1992 2289 ma-

388 2317 510 2364 xime
535 2317 715 2371 fallunt,
737 2317 785 2363 id
809 2323 970 2380 agunt,
992 2323 1046 2363 ut
1070 2316 1153 2362 viri
1178 2316 1285 2363 boni
1311 2332 1412 2362 esse
1432 2316 1693 2363 videantur.
1763 2316 1837 2363 De
1856 2316 1990 2381 justi-

389 2393 452 2438 tia
477 2391 588 2438 satis
614 2391 794 2438 dictum
820 2397 905 2439 est.

454 2541 586 2587 XIV.
625 2540 877 2603 Deinceps,
902 2545 956 2585 ut
981 2545 1080 2586 erat
1105 2538 1416 2602 propositum,
1445 2538 1504 2585 de
1541 2539 1902 2586 beneficentia
1936 2543 1990 2586 ac

390 2616 449 2662 de
473 2615 809 2662 liberalitate
828 2614 1035 2669 dicatur3
1061 2613 1361 2676 quaquidem
1380 2613 1490 2659 nihil
1506 2619 1577 2659 est
1594 2620 1775 2660 naturae
1793 2614 1990 2660 hominis

335 2697 360 2737 2
390 2689 813 2737 accommodatius:
851 2689 935 2735 sed
960 2689 1106 2734 habet
1130 2688 1301 2734 multas
1327 2687 1580 2734 cautiones,
1628 2688 1900 2735 Videndum
1919 2694 1990 2734 est

388 2765 510 2811 enim
549 2763 765 2826 primum,
790 2779 849 2809 ne
888 2763 1010 2810 obsit
1047 2762 1325 2825 benignitas,
1362 2767 1411 2808 et
1449 2762 1502 2808 iis
1542 2762 1667 2825 ipsis,
1705 2762 1873 2824 quibus
1910 2762 1988 2809 be·

388 2839 526 2902 nigne
550 2837 787 2884 videbitur
811 2838 922 2892 fieri,
949 2843 998 2884 et
1023 2837 1218 2883 ceteris:
1256 2836 1437 2891 deinde,
1462 2852 1520 2883 ne
1554 2837 1705 2900 major
1728 2836 1990 2900 benignitas

388 2913 461 2967 sit,
489 2928 632 2975 quam
656 2912 936 2958 facultatest
972 2917 1087 2966 tum,
1108 2917 1162 2957 ut
1187 2927 1272 2972 pro
1298 2911 1525 2974 dignitate
1550 2910 1716 2973 cuique
1739 2910 1986 2959 tribuatur.

390 2987 448 3034 Id
473 2987 594 3034 enim
618 2992 691 3033 est
721 2986 920 3050 justitiae
947 2986 1324 3040 fundamentum,
1352 2985 1412 3032 ad
1438 3001 1578 3048 quam
1614 2985 1719 3032 haec
1743 2983 1989 3032 referenda

390 3068 498 3117 sunt
521 3060 688 3110 omnia.
