2054 3470
282 228 341 271 68
973 238 1035 268 DE
1074 238 1284 269 OFFICIIS

367 347 572 402 tertium,
593 353 647 393 ut
667 363 773 393 cum
798 346 1198 393 admiratione
1223 346 1466 393 hominum
1491 345 1667 391 honore
1692 345 1751 392 ab
1771 344 1823 392 lis
1848 344 1975 409 digni

311 428 340 469 6
363 423 696 486 judicaremur.
766 421 1079 468 Admirantur
1130 422 1274 485 igitur
1321 421 1630 467 communiter
1674 420 1740 467 illi
1785 420 1975 483 quidem

368 498 535 553 omnia,
562 513 668 560 quae
691 512 877 560 magna,
904 502 951 543 et
975 502 1148 559 praeter
1171 497 1434 559 opinionem
1469 512 1603 542 suam
1638 496 1970 543 animadverte-

367 578 501 618 runt:
539 572 791 635 separatim
817 578 976 618 autem
1002 572 1047 618 in
1072 572 1279 636 singuliS,
1307 572 1345 618 si
1371 571 1661 634 perspiciunt
1696 571 1978 635 necopinata

315 649 340 696 7
368 647 586 711 quaedam
610 648 747 694 bona.
802 648 971 710 Itaque
996 663 1076 694 cos
1100 647 1223 694 viros
1248 647 1521 711 suspiciunt,
1539 646 1847 710 maximisque
1866 647 1975 693 effe-

368 728 478 769 runt
501 723 736 778 laudibus,
762 722 809 787 in
834 723 1004 786 quibus
1042 722 1310 769 existimant
1345 738 1394 768 se
1429 723 1711 769 excellentes
1747 721 1978 784 quasdam

316 805 341 846 8
369 805 417 845 et
436 798 696 862 singulares
716 798 981 861 perspicere
997 797 1218 844 virtutes:
1246 797 1511 860 despiciunt
1526 803 1685 844 autem
1705 813 1784 844 eos
1803 802 1851 844 et
1870 813 1979 844 con·

367 879 598 928 temnunt,
624 873 670 919 in
694 873 863 936 quibus
898 872 1012 919 nihil
1036 873 1236 928 virtutis,
1262 873 1375 919 nihil
1410 872 1565 927 animi,
1590 872 1704 918 nihil
1727 888 1979 920 nervorum

368 954 553 1012 putant.
622 949 732 994 Non
770 948 892 994 enim
931 963 1092 994 omnes
1130 963 1209 994 eos
1234 952 1552 1001 contemnunt,
1579 947 1638 993 de
1663 947 1832 1009 quibus
1856 948 1979 995 male

315 1030 342 1070 9
369 1024 647 1070 existimant.
696 1022 821 1069 Nam
841 1038 958 1085 quos
983 1022 1237 1085 improbos,
1255 1022 1524 1078 malediCOS‚
1544 1022 1867 1070 fraudulentos
1892 1040 1979 1086 pu·

368 1104 484 1153 tant,
522 1103 570 1145 et
604 1098 665 1144 ad
700 1098 966 1144 faciendam
1001 1097 1218 1161 injuriam
1251 1097 1517 1153 instructOS,
1555 1113 1633 1144 eos
1676 1104 1981 1145 contemnunt

289 1180 343 1221 10
369 1174 558 1237 quidem
582 1173 869 1236 neutiquam,
887 1174 970 1220 sed
996 1173 1055 1220 de
1079 1173 1150 1219 his
1174 1173 1294 1220 male
1319 1173 1600 1220 existimant.
1649 1174 1981 1230 Quamobrem,

369 1256 423 1296 ut
460 1256 569 1296 ante
605 1249 713 1304 dixi,
741 1254 1104 1295 contemnuntur
1127 1248 1171 1303 ii,
1192 1246 1278 1311 'qui
1302 1264 1387 1295 nec
1413 1248 1514 1304 sibi,
1541 1265 1626 1296 nec
1662 1249 1810 1304 alteri,
1836 1254 1890 1296 ut
1913 1249 1981 1295 di-

369 1325 518 1379 citur;
554 1324 597 1371 in
625 1324 794 1386 quibus
818 1324 975 1370 nullus
999 1324 1146 1378 labor,
1173 1324 1303 1370 nulla
1337 1324 1578 1379 industria,
1605 1324 1732 1371 nulla
1758 1340 1870 1371 cura
1894 1330 1980 1371 est.
2031 1362 2035 1365 .

370 1399 697 1446 Admiratione
737 1406 896 1446 autem
936 1400 1203 1446 afficiuntur
1238 1399 1280 1453 ii,
1308 1399 1387 1462 qui
1423 1399 1596 1446 antcire
1622 1399 1787 1447 ceteris
1811 1399 1983 1446 virtute

370 1481 610 1538 putantur,
638 1479 686 1520 et
722 1491 829 1520 cum
866 1475 992 1520 omni
1029 1490 1187 1521 carere
1226 1474 1470 1529 dedecore,
1498 1480 1600 1521 tum
1624 1491 1735 1522 vero
1770 1475 1823 1522 iis
1847 1474 1981 1530 vitiis,

290 1557 339 1597 11
371 1551 541 1614 quibus
565 1550 640 1596 alii
664 1566 755 1596 non
779 1550 914 1596 facile
940 1556 1138 1613 possunt
1164 1549 1403 1597 obsistere.
1476 1550 1601 1596 Nam
1627 1556 1675 1596 et
1698 1550 1981 1613 voluptates,

371 1625 688 1673 blandissimae
726 1625 942 1680 dominae,
969 1625 1157 1688 majoris
1195 1625 1341 1688 partis
1378 1625 1556 1671 animos
1580 1641 1608 1670 a
1632 1625 1805 1671 virtute
1829 1625 1982 1672 detor-

371 1707 547 1764 quent;
585 1707 633 1747 et
671 1700 886 1746 dolorum
927 1716 1033 1746 cum
1069 1700 1380 1746 admoventur
1413 1700 1555 1755 faces,
1583 1705 1760 1763 praeter
1790 1700 1985 1762 modum

293 1782 344 1824 12
373 1776 582 1840 plerique
607 1781 913 1822 exterrentur.
984 1775 1109 1829 Vita,
1141 1791 1280 1828 mors,
1309 1775 1498 1830 divitiae,
1527 1781 1797 1838 paupertas,
1825 1791 1985 1822 omnes

295 1858 344 1899 13
373 1852 580 1898 homines
605 1850 1010 1897 vehementissime
1048 1856 1338 1913 permovent.
1412 1851 1530 1906 Quae
1565 1850 1646 1913 qui
1669 1850 1714 1896 in
1739 1856 1986 1913 utramque

372 1932 556 1990 partem
594 1925 780 1972 excelso
818 1925 972 1971 animo
1006 1941 1272 1988 magnoque
1298 1925 1576 1987 despiciunt,
1604 1942 1711 1972 cum
1736 1926 1890 1988 aliqua
1915 1926 1986 1972 his

372 2001 530 2065 ampla
554 2006 602 2047 et
624 2001 823 2046 honesta
847 2016 921 2046 res
948 2000 1136 2062 objecta
1161 2006 1245 2054 est,
1274 2006 1399 2046 totos
1424 2000 1484 2046 ad
1517 2016 1566 2046 se
1593 2000 1820 2047 convertit
1843 2006 1891 2047 et
1913 2017 1985 2046 ra-

373 2077 456 2143 pit.
518 2075 638 2122 Tum
659 2075 760 2137 quis
780 2091 872 2121 non
890 2075 1147 2121 admiretur
1171 2075 1472 2137 splendorem
1497 2075 1987 2138 pulchritudinemque

374 2151 594 2198 virtutis?
652 2150 735 2197 XI.
756 2150 884 2214 Ergo
907 2156 953 2196 et
974 2150 1076 2196 liaec
1097 2149 1236 2196 animi
1256 2150 1559 2212 despicientia
1578 2150 1984 2198 admirabilitatem

374 2242 599 2290 magnam
638 2226 779 2272 facit:
818 2231 864 2271 et
902 2225 1103 2270 maxime
1137 2224 1333 2287 justitia,
1372 2241 1429 2271 ex
1464 2241 1557 2287 qua
1591 2241 1685 2270 una
1709 2225 1881 2272 virtute
1905 2225 1992 2272 viri

375 2302 484 2349 boni
507 2300 822 2364 appellantur,
848 2299 1043 2345 mirifica
1078 2300 1302 2362 quaedam
1338 2299 1626 2345 multitudini
1650 2299 1864 2346 videtur:
1901 2316 1986 2347 nec

323 2383 349 2423 2
376 2376 556 2440 injuria.
627 2375 785 2421 Nemo
826 2373 947 2420 enim
988 2374 1147 2437 justus
1190 2389 1292 2420 esse
1329 2379 1501 2437 potest,
1537 2373 1618 2436 qui
1657 2379 1872 2429 mortem,
1910 2375 1988 2437 qui

377 2452 602 2505 dolorem,
629 2449 709 2513 qui
744 2449 947 2504 exilium,
974 2449 1054 2512 qui
1088 2454 1350 2512 egestatem
1385 2449 1532 2503 timet,
1564 2454 1646 2495 aut
1680 2449 1851 2512 quiea,
1879 2466 1987 2512 qua>

324 2533 350 2573 3
379 2532 488 2573 sunt
527 2526 600 2572 his
643 2525 889 2587 contraria,
929 2524 1140 2587 aequitati
1176 2523 1435 2587 anteponit.
1505 2524 1803 2587 Maximeque
1842 2524 1988 2571 admi·

378 2607 542 2647 rantur
583 2617 707 2661 eum,
750 2600 831 2662 qui
872 2598 1071 2662 pecunia
1110 2615 1205 2645 non
1239 2604 1483 2652 movetur;
1519 2599 1648 2663 quod
1683 2599 1728 2646 in
1764 2615 1857 2662 quo
1893 2599 1990 2645 viro

380 2682 684 2743 perspectum
709 2674 782 2729 sit,
808 2675 934 2721 hunc
959 2675 1056 2737 igni
1082 2678 1351 2736 spectatum
1375 2673 1673 2721 arbitrantur.

327 2756 355 2800 4
388 2753 390 2755 ’
440 2748 611 2812 Itaque
636 2750 713 2795 illa
730 2750 833 2804 tria,
852 2765 959 2811 quae
986 2748 1229 2811 proposita
1253 2753 1361 2794 sunt
1380 2748 1441 2793 ad
1466 2748 1675 2812 gloriam,
1695 2748 1849 2795 omnia
1869 2748 1886 2812 j
1903 2764 1988 2793 us-

383 2814 542 2872 titia,
575 2824 790 2870 conficit:
830 2830 879 2869 et
914 2822 1290 2877 benivolentiam,
1327 2823 1455 2884 quod
1491 2823 1716 2887 prodesse
1750 2823 1850 2869 vult
1887 2822 1989 2886 plu-

381 2899 507 2946 rimis
529 2915 540 2954 ;
576 2904 624 2945 et
649 2899 710 2945 ob
735 2899 933 2944 eandem
960 2914 1149 2944 causam
1175 2898 1315 2943 fidem
1337 2914 1347 2951 ;
1385 2903 1434 2943 et
1468 2898 1837 2951 admirationem,
1863 2896 1989 2960 quod

384 2990 464 3021 eas
486 2990 561 3020 res
587 2974 765 3037 spernit
790 2979 838 3019 et
861 2973 1070 3037 negligit,
1090 2972 1150 3018 ad
1174 2988 1290 3034 quas
1317 2972 1527 3034 plerique
1551 2971 1826 3018 inflammati
1849 2971 1990 3017 avidi-

332 3056 360 3111 ῷ
386 3054 483 3111 tate
508 3048 766 3112 rapiuntur.
838 3047 911 3095 Ac
937 3063 1042 3098 mea
1066 3047 1255 3110 quidem
1279 3046 1509 3095 sententia
1535 3046 1682 3093 omnis
1707 3045 1825 3092 ratio
1850 3051 1989 3108 atque
