2054 3470
241 226 302 265 (30
835 270 837 272 v
924 234 984 262 DE
1022 233 1230 264 ormens

329 341 409 388 tim
445 348 553 388 sunt
589 342 800 393 inanima,
830 348 882 387 ut
917 358 1096 396 aurum,
1123 346 1386 404 argentum,
1415 347 1468 387 ut
1492 357 1560 396 ea,
1589 358 1695 404 quae
1722 332 1917 405 gignim-

327 424 404 463 tur
441 434 466 464 e
500 423 635 471 terra,
662 424 715 462 ut
752 417 841 462 alia
878 416 1062 479 generis
1087 416 1326 478 ejusdem:
1365 416 1538 479 partim
1563 416 1788 471 animalia,
1816 433 1920 479 quae

325 493 500 538 habent
525 507 633 538 suos
657 492 859 554 impetus
884 498 932 538 et
955 507 1108 536 rerum
1133 491 1385 553 appetitus.
1454 491 1632 536 Eorum
1655 496 1813 537 autem
1838 492 1921 540 alia

272 573 299 615 9
326 567 512 614 rationis
550 567 760 629 expertia
799 571 921 621 sunt,
948 566 1036 611 alia
1067 566 1244 611 ratione
1268 565 1459 612 utentia.
1530 566 1762 628 Expertes
1787 566 1924 612 ratio-
1953 595 1958 597 -

324 642 407 697 nis,
435 641 554 704 equi,
582 642 738 696 boves,
764 641 955 703 reliquae
1000 641 1218 703 pecudes,
1256 631 1384 703 apes,
1414 656 1612 702 quarum
1649 657 1791 703 opere
1831 642 1924 688 effi-

245 722 300 765 10
327 717 447 764 citur
470 716 643 779 aliquid
668 716 728 762 ad
752 732 891 762 usum
915 716 1155 762 hominum
1181 721 1320 777 atque
1339 715 1497 762 vitam.
1546 715 1744 761 Ratione
1769 722 1924 762 autem

324 792 557 838 utentium
582 791 676 837 duo
711 806 884 854 genera
916 796 1111 853 ponunt,
1140 790 1335 836 deorum
1368 806 1528 844 unum,
1555 790 1755 836 alterum
1780 790 1925 836 homi-

325 883 450 913 num.
521 867 648 912 Deos
686 867 897 928 placatos
938 865 1088 928 pietas
1126 865 1294 911 efficiet
1332 869 1379 910 et
1416 864 1666 910 sanctitas:
1717 865 1926 927 proxime

243 947 295 988 11
325 948 483 988 autem
518 947 565 987 et
600 940 859 987 secundum
895 940 1008 986 deos
1043 939 1333 985 homines
1370 939 1738 985 hominibus
1772 955 1926 984 max-

323 1017 440 1063 ime
474 1016 679 1062 utiles
714 1030 816 1060 esse
852 1020 1063 1077 possunt.
1141 1014 1411 1076 Earumque
1457 1013 1570 1059 item
1609 1029 1780 1068 rerum,
1818 1030 1925 1076 quae

322 1096 520 1138 noceant
544 1095 591 1136 et
615 1088 784 1143 obsint,
812 1089 979 1135 eadem
1013 1088 1176 1134 divisio
1213 1094 1299 1135 est.
1369 1088 1465 1134 Sed
1490 1088 1598 1150 quia
1623 1088 1737 1134 deos
1760 1104 1926 1134 nocere

322 1183 414 1212 non
439 1170 622 1228 putant,
642 1164 714 1210 his
734 1164 956 1226 exceptis,
976 1164 1187 1209 homines
1207 1163 1470 1209 hominibus
1491 1164 1655 1210 obesse
1675 1163 1926 1226 plurimum

322 1241 621 1287 arbitrantur.

242 1322 294 1363 12
387 1316 457 1362 Ea
494 1315 615 1362 enim
653 1314 768 1377 ipsa,
796 1330 903 1377 quae
943 1313 1145 1360 inanima
1183 1313 1398 1368 diximus,
1436 1312 1660 1375 pleraque
1698 1318 1807 1358 sunt
1843 1313 1922 1359 ho—

323 1391 499 1437 minum
524 1390 676 1453 operis
702 1390 880 1443 effecta,
908 1405 1015 1451 quae
1042 1404 1127 1434 nec
1152 1388 1446 1442 haberemus,
1473 1387 1559 1433 nisi
1590 1403 1756 1433 manus
1781 1393 1828 1433 et
1853 1403 1926 1433 ars

321 1465 623 1512 accessisset:
659 1481 744 1511 nec
769 1464 840 1510 his
866 1464 962 1510 sine
986 1463 1228 1509 hominum
1252 1462 1649 1508 administratione
1673 1467 1925 1508 uteremur.

243 1546 294 1587 13
323 1541 491 1602 Neque
516 1540 636 1586 enim
660 1538 941 1586 valetudinis
977 1538 1168 1593 curatio,
1194 1553 1346 1600 neque
1379 1537 1627 1600 navigatio,
1653 1552 1804 1599 neque
1829 1537 1926 1600 agri

323 1616 520 1670 cultura,
560 1630 715 1678 neque
750 1614 944 1677 frugum
985 1614 1320 1675 fructuumque
1360 1610 1644 1675 reliquorum
1687 1612 1926 1674 perceptio

243 1695 296 1736 14
323 1696 382 1737 et
406 1690 695 1737 conservatio
720 1689 816 1735 sine
840 1687 1084 1735 hominum
1110 1703 1253 1751 opera
1277 1687 1374 1733 ulla
1398 1703 1499 1733 esse
1526 1686 1769 1749 potuisset.
1817 1686 1848 1733 J
1850 1702 1926 1731 am

322 1781 432 1812 vero
468 1771 515 1811 et
550 1781 712 1811 earum
745 1780 916 1818 rerum,
954 1763 1124 1826 quibus
1159 1763 1524 1816 abundaremus,
1562 1760 1840 1824 exportatio,
1880 1766 1926 1807 et

323 1856 499 1894 earum,
525 1840 695 1902 quibus
731 1855 993 1902 egeremus,
1020 1838 1234 1892 invectio,
1262 1843 1387 1884 certe
1419 1837 1548 1882 nulla
1582 1842 1720 1891 esset,
1746 1836 1833 1882 nisi
1855 1836 1926 1882 his

243 1922 295 1964 '³5
323 1915 592 1961 muneribus
617 1913 826 1960 homines
845 1913 1167 1976 fungerentur.
1216 1912 1490 1974 Eademque
1510 1911 1687 1957 ratione
1707 1927 1790 1957 nec
1809 1910 1924 1973 lapi-

323 1990 406 2036 des
442 2006 467 2036 e
502 1995 626 2035 terra
661 1988 986 2035 exciderentur
1020 1988 1081 2033 ad
1121 2004 1261 2034 usum
1300 1993 1515 2032 nostrum
1555 1985 1814 2039 necessarii,
1851 2002 1926 2031 nec

308 2066 512 2127 ferrum,
552 2080 624 2119 ωε,
662 2080 848 2118 aurum,
885 2070 1129 2123 argentum
1163 2062 1447 2108 effoderetur
1479 2062 1668 2122 penitus
1702 2061 1920 2110 abditum.

323 2140 420 2186 sine
456 2139 698 2186 hominum
735 2139 894 2185 labore
930 2145 978 2185 et
1014 2154 1169 2184 manu.
1241 2137 1328 2184 IV.
1366 2137 1510 2183 Tecta
1532 2152 1657 2191 vero,
1684 2135 1854 2198 quibus
1878 2140 1926 2182 et

323 2215 552 2277 frigorum
572 2214 639 2260 vis
659 2214 925 2276 pelleretur,
947 2218 994 2259 et
1014 2213 1221 2259 calorum
1245 2211 1473 2258 molestiae
1496 2211 1783 2265 sedarentur,
1801 2209 1926 2256 unde

322 2294 405 2335 aut
438 2288 564 2334 initio
595 2288 754 2351 generi
788 2288 996 2333 humano
1028 2286 1127 2333 dari
1159 2287 1436 2350 potuissent,
1463 2292 1546 2331 aut
1569 2290 1734 2348 postea
1758 2285 1924 2331 subve-

322 2363 421 2418 niri,
447 2363 485 2409 si
509 2368 591 2409 aut
614 2363 660 2409 vi
688 2362 981 2425 tempestatis
1006 2367 1089 2408 aut
1123 2367 1261 2407 terrae
1285 2367 1419 2407 motu
1442 2365 1524 2405 aut
1548 2364 1783 2405 vetustate
1809 2358 1924 2405 ceci-

322 2438 512 2492 dissent,
538 2437 623 2484 nisi
648 2437 905 2484 communis
929 2436 1024 2483 vita
1049 2437 1108 2482 ab
1131 2435 1398 2482 hominibus
1421 2435 1590 2480 harum
1613 2449 1771 2480 rerum
1795 2433 1924 2480 auxi-

266 2521 292 2561 2
321 2513 384 2559 lia
401 2519 559 2576 petere
579 2512 853 2558 didicisset?
889 2511 1033 2558 Adde
1053 2511 1223 2557 ductus
1245 2525 1487 2573 aquarum,
1509 2508 1819 2555 derivationes
1839 2509 1923 2554 flu-

319 2587 510 2641 minum,
529 2603 749 2650 agrorum
764 2586 1067 2650 irrigationeS,
1084 2585 1230 2632 moles
1247 2585 1490 2648 oppositas
1505 2583 1741 2637 fluctibus,
1760 2589 1924 2646 portus

321 2677 465 2707 manu
497 2662 661 2716 factos,
688 2677 794 2723 quae
828 2661 954 2707 unde
988 2660 1084 2706 sine
1115 2659 1357 2706 hominum
1391 2674 1533 2721 opere
1566 2658 1740 2705 habere
1766 2673 1924 2720 posse-

270 2743 296 2782 3
323 2736 464 2782 mus?
521 2736 593 2781 Ex
617 2736 787 2797 quibus
810 2735 1062 2797 multisque
1087 2735 1184 2780 aliis
1210 2734 1509 2797 perspicuum
1535 2739 1619 2788 est,
1641 2732 1721 2795 qui
1743 2733 1924 2778 fructus

323 2826 522 2873 quaeque
546 2810 769 2856 utilitates
794 2826 851 2856 ex
875 2810 1015 2856 rebus
1040 2809 1107 2863 iis,
1134 2825 1240 2871 quae
1267 2815 1376 2855 sunt
1408 2808 1641 2862 inanimae,
1668 2806 1922 2869 percipian-

300 2892 390 2940 tur,
428 2901 506 2930 eas
547 2901 630 2930 nos
672 2885 801 2930 nullo
841 2884 982 2929 modo
1023 2883 1119 2930 sine
1155 2883 1395 2929 hominum
1429 2899 1571 2928 manu
1606 2888 1747 2944 atque
1783 2896 1922 2943 opera

272 2966 297 3005 4
323 2975 490 3022 capere
529 2959 749 3023 potuisse.
821 2958 912 3014 Qui
949 2958 1147 3020 denique
1185 2974 1242 3004 ex
1277 2958 1435 3005 bestiis
1470 2958 1666 3010 fructus,
1699 2960 1781 3002 aut
1815 2971 1919 3017 quoe

274 3041 297 3082 5
324 3034 646 3089 commoditas,
672 3033 754 3079 nisi
788 3033 995 3079 homines
1021 3033 1312 3096 adjuvarent,
1340 3032 1515 3096 percipi
1541 3031 1736 3095 posset?
1798 3029 1918 3075 Nan]
